<?xml version="1.0" encoding="UTF-8"?>
<!DOCTYPE html PUBLIC "-//W3C//DTD XHTML 1.0 Transitional//EN"
    "http://www.w3.org/TR/xhtml1/DTD/xhtml1-transitional.dtd">
<html xmlns="http://www.w3.org/1999/xhtml" xml:lang="en" lang="en">
 <head>
  <title>
</title>
<meta http-equiv="Content-Type" content="text/html;charset=utf-8" />
  <meta name='ocr-system' content='tesseract 3.04.00' />
  <meta name='ocr-capabilities' content='ocr_page ocr_carea ocr_par ocr_line ocrx_word'/>
</head>
<body>
  <div class='ocr_page' id='page_1' title='image "./historiareipubl00nieugoog/historiareipubl00nieugoog_0466.png"; bbox 0 0 2002 3554; ppageno 0'>
   <div class='ocr_carea' id='block_1_1' title="bbox 116 83 761 261">
    <p class='ocr_par' dir='ltr' id='par_1_1' title="bbox 116 83 761 261">
     <span class='ocr_line' id='line_1_1' title="bbox 116 83 761 261; baseline 0 -43"><span class='ocrx_word' id='word_1_1' title='bbox 116 83 283 220; x_wconf 20' lang='lat' dir='ltr'>&#39;Rarrua</span> <span class='ocrx_word' id='word_1_2' title='bbox 308 138 471 261; x_wconf 65' lang='lat' dir='ltr'>Roman.</span> <span class='ocrx_word' id='word_1_3' title='bbox 498 135 580 221; x_wconf 75' lang='lat' dir='ltr'>[aa.</span> <span class='ocrx_word' id='word_1_4' title='bbox 592 142 637 215; x_wconf 90' lang='lat'>11.</span> <span class='ocrx_word' id='word_1_5' title='bbox 691 152 761 240; x_wconf 82' lang='lat'>367</span> 
     </span>
    </p>
   </div>
   <div class='ocr_carea' id='block_1_2' title="bbox 31 300 762 3005">
    <p class='ocr_par' dir='ltr' id='par_1_2' title="bbox 31 300 762 3003">
     <span class='ocr_line' id='line_1_2' title="bbox 56 300 759 398; baseline 0.009 -22"><span class='ocrx_word' id='word_1_6' title='bbox 56 304 236 378; x_wconf 83' lang='lat' dir='ltr'><strong>Marcellus</strong></span> <span class='ocrx_word' id='word_1_7' title='bbox 257 301 434 398; x_wconf 85' lang='lat' dir='ltr'>extemplo</span> <span class='ocrx_word' id='word_1_8' title='bbox 450 300 564 373; x_wconf 81' lang='lat' dir='ltr'>claufis</span> <span class='ocrx_word' id='word_1_9' title='bbox 584 305 759 398; x_wconf 84' lang='lat' dir='ltr'>portis‚&amp;</span> 
     </span>
     <span class='ocr_line' id='line_1_3' title="bbox 56 397 758 502; baseline 0.004 -30"><span class='ocrx_word' id='word_1_10' title='bbox 56 402 248 498; x_wconf 85' lang='lat' dir='ltr'>quaestione</span> <span class='ocrx_word' id='word_1_11' title='bbox 265 400 307 470; x_wconf 87' lang='lat' dir='ltr'>de</span> <span class='ocrx_word' id='word_1_12' title='bbox 326 400 434 470; x_wconf 86' lang='lat' dir='ltr'>noxiis</span> <span class='ocrx_word' id='word_1_13' title='bbox 448 397 561 473; x_wconf 87' lang='lat' dir='ltr'>habita</span> <span class='ocrx_word' id='word_1_14' title='bbox 576 401 668 496; x_wconf 87' lang='lat' dir='ltr'>supra</span> <span class='ocrx_word' id='word_1_15' title='bbox 681 405 758 502; x_wconf 84' lang='lat' dir='ltr'>sep·</span> 
     </span>
     <span class='ocr_line' id='line_1_4' title="bbox 56 495 757 596; baseline 0.009 -25"><span class='ocrx_word' id='word_1_16' title='bbox 56 502 208 596; x_wconf 86' lang='lat' dir='ltr'>tuaginta</span> <span class='ocrx_word' id='word_1_17' title='bbox 242 497 415 571; x_wconf 88' lang='lat' dir='ltr'>damnatos</span> <span class='ocrx_word' id='word_1_18' title='bbox 434 495 633 593; x_wconf 75' lang='lat' dir='ltr'>proditionis</span> <span class='ocrx_word' id='word_1_19' title='bbox 654 498 757 577; x_wconf 82' lang='lat' dir='ltr'>securi</span> 
     </span>
     <span class='ocr_line' id='line_1_5' title="bbox 56 595 758 692; baseline 0.01 -28"><span class='ocrx_word' id='word_1_20' title='bbox 56 595 213 692; x_wconf 84' lang='lat' dir='ltr'>percuffit</span> <span class='ocrx_word' id='word_1_21' title='bbox 240 612 268 667; x_wconf 55' lang='grc' dir='ltr'>ἃ.</span> <span class='ocrx_word' id='word_1_22' title='bbox 319 595 432 668; x_wconf 88' lang='lat' dir='ltr'>Motis</span> <span class='ocrx_word' id='word_1_23' title='bbox 450 618 535 689; x_wconf 89' lang='lat' dir='ltr'>ergo</span> <span class='ocrx_word' id='word_1_24' title='bbox 551 595 628 667; x_wconf 84' lang='lat' dir='ltr'>inde</span> <span class='ocrx_word' id='word_1_25' title='bbox 644 596 758 671; x_wconf 81' lang='lat' dir='ltr'>castris</span> 
     </span>
     <span class='ocr_line' id='line_1_6' title="bbox 58 689 759 791; baseline 0 -25"><span class='ocrx_word' id='word_1_26' title='bbox 58 692 231 766; x_wconf 83' lang='lat' dir='ltr'>Hannibal</span> <span class='ocrx_word' id='word_1_27' title='bbox 262 696 404 767; x_wconf 78' lang='lat' dir='ltr'><em>Acerras</em></span> <span class='ocrx_word' id='word_1_28' title='bbox 436 689 667 788; x_wconf 79' lang='lat' dir='ltr'>(Campaniae</span> <span class='ocrx_word' id='word_1_29' title='bbox 696 717 759 791; x_wconf 86' lang='lat' dir='ltr'>op·</span> 
     </span>
     <span class='ocr_line' id='line_1_7' title="bbox 56 789 754 887; baseline 0.009 -27"><span class='ocrx_word' id='word_1_30' title='bbox 56 790 174 886; x_wconf 90' lang='lat' dir='ltr'>pidum</span> <span class='ocrx_word' id='word_1_31' title='bbox 190 811 259 864; x_wconf 86' lang='lat' dir='ltr'>erat</span> <span class='ocrx_word' id='word_1_32' title='bbox 277 790 317 863; x_wconf 93' lang='lat' dir='ltr'>ad</span> <span class='ocrx_word' id='word_1_33' title='bbox 332 794 453 861; x_wconf 82' lang='lat' dir='ltr'>Clam‘m</span> <span class='ocrx_word' id='word_1_34' title='bbox 470 789 629 876; x_wconf 83' lang='lat' dir='ltr'>fluvium)</span> <span class='ocrx_word' id='word_1_35' title='bbox 644 794 754 887; x_wconf 78' lang='lat' dir='ltr'>capit,</span> 
     </span>
     <span class='ocr_line' id='line_1_8' title="bbox 56 883 755 984; baseline -0.006 -25"><span class='ocrx_word' id='word_1_36' title='bbox 56 887 291 984; x_wconf 83' lang='lat' dir='ltr'>direptamque</span> <span class='ocrx_word' id='word_1_37' title='bbox 310 883 469 961; x_wconf 85' lang='lat' dir='ltr'>incendit.</span> <span class='ocrx_word' id='word_1_38' title='bbox 502 885 686 961; x_wconf 78' lang='lat' dir='ltr'>Casilinum</span> <span class='ocrx_word' id='word_1_39' title='bbox 701 892 755 963; x_wconf 86' lang='lat' dir='ltr'>in.</span> 
     </span>
     <span class='ocr_line' id='line_1_9' title="bbox 55 983 756 1085; baseline 0 -28"><span class='ocrx_word' id='word_1_40' title='bbox 55 984 124 1073; x_wconf 88' lang='lat' dir='ltr'>de,</span> <span class='ocrx_word' id='word_1_41' title='bbox 151 1010 286 1078; x_wconf 87' lang='lat' dir='ltr'>paruam</span> <span class='ocrx_word' id='word_1_42' title='bbox 317 983 460 1070; x_wconf 86' lang='lat' dir='ltr'>urbem,</span> <span class='ocrx_word' id='word_1_43' title='bbox 492 985 617 1059; x_wconf 88' lang='lat' dir='ltr'>summa</span> <span class='ocrx_word' id='word_1_44' title='bbox 638 989 672 1057; x_wconf 86' lang='lat' dir='ltr'>vi</span> <span class='ocrx_word' id='word_1_45' title='bbox 694 1012 756 1085; x_wconf 79' lang='lat' dir='ltr'>op·</span> 
     </span>
     <span class='ocr_line' id='line_1_10' title="bbox 53 1081 755 1184; baseline 0.01 -31"><span class='ocrx_word' id='word_1_46' title='bbox 53 1105 200 1178; x_wconf 87' lang='lat' dir='ltr'>pugnat:</span> <span class='ocrx_word' id='word_1_47' title='bbox 224 1082 277 1154; x_wconf 90' lang='lat' dir='ltr'>sed</span> <span class='ocrx_word' id='word_1_48' title='bbox 306 1081 375 1180; x_wconf 87' lang='lat' dir='ltr'>ipso</span> <span class='ocrx_word' id='word_1_49' title='bbox 400 1082 529 1180; x_wconf 89' lang='lat' dir='ltr'>pudore</span> <span class='ocrx_word' id='word_1_50' title='bbox 552 1083 594 1157; x_wconf 88' lang='lat' dir='ltr'>ab</span> <span class='ocrx_word' id='word_1_51' title='bbox 615 1084 755 1184; x_wconf 87' lang='lat' dir='ltr'>incepto</span> 
     </span>
     <span class='ocr_line' id='line_1_11' title="bbox 53 1177 759 1278; baseline 0.004 -27"><span class='ocrx_word' id='word_1_52' title='bbox 53 1178 212 1264; x_wconf 59' lang='lat' dir='ltr'>,desistere</span> <span class='ocrx_word' id='word_1_53' title='bbox 228 1181 382 1278; x_wconf 89' lang='lat' dir='ltr'>cogitur,</span> <span class='ocrx_word' id='word_1_54' title='bbox 405 1177 514 1251; x_wconf 87' lang='lat' dir='ltr'>castris</span> <span class='ocrx_word' id='word_1_55' title='bbox 523 1199 634 1253; x_wconf 90' lang='lat' dir='ltr'>tamen</span> <span class='ocrx_word' id='word_1_56' title='bbox 647 1183 759 1254; x_wconf 86' lang='lat' dir='ltr'>modi·</span> 
     </span>
     <span class='ocr_line' id='line_1_12' title="bbox 54 1275 759 1367; baseline 0.007 -19"><span class='ocrx_word' id='word_1_57' title='bbox 54 1280 102 1349; x_wconf 86' lang='lat' dir='ltr'>cis</span> <span class='ocrx_word' id='word_1_58' title='bbox 120 1281 353 1367; x_wconf 83' lang='lat' dir='ltr'>communitis,</span> <span class='ocrx_word' id='word_1_59' title='bbox 371 1299 413 1349; x_wconf 87' lang='lat' dir='ltr'>ne</span> <span class='ocrx_word' id='word_1_60' title='bbox 439 1275 551 1352; x_wconf 79' lang='lat' dir='ltr'>omissa</span> <span class='ocrx_word' id='word_1_61' title='bbox 565 1301 616 1349; x_wconf 84' lang='lat' dir='ltr'>res</span> <span class='ocrx_word' id='word_1_62' title='bbox 629 1277 759 1352; x_wconf 83' lang='lat' dir='ltr'>videre·</span> 
     </span>
     <span class='ocr_line' id='line_1_13' title="bbox 54 1373 757 1473; baseline 0.003 -27"><span class='ocrx_word' id='word_1_63' title='bbox 54 1395 121 1446; x_wconf 68' lang='lat' dir='ltr'>tm</span> <span class='ocrx_word' id='word_1_64' title='bbox 180 1373 757 1473; x_wconf 58' lang='lat' dir='ltr'>fflmCmmssnfflmmm·</span> 
     </span>
     <span class='ocr_line' id='line_1_14' title="bbox 55 1469 757 1568; baseline 0.01 -27"><span class='ocrx_word' id='word_1_65' title='bbox 55 1472 180 1568; x_wconf 80' lang='lat' dir='ltr'>greffus</span> <span class='ocrx_word' id='word_1_66' title='bbox 198 1472 267 1560; x_wconf 82' lang='lat' dir='ltr'>est3</span> <span class='ocrx_word' id='word_1_67' title='bbox 292 1472 350 1544; x_wconf 90' lang='lat' dir='ltr'>ubi</span> <span class='ocrx_word' id='word_1_68' title='bbox 369 1469 573 1545; x_wconf 87' lang='lat' dir='ltr'>molliffimae</span> <span class='ocrx_word' id='word_1_69' title='bbox 590 1470 679 1545; x_wconf 88' lang='lat' dir='ltr'>urbis</span> <span class='ocrx_word' id='word_1_70' title='bbox 697 1472 757 1548; x_wconf 85' lang='lat' dir='ltr'>de·</span> 
     </span>
     <span class='ocr_line' id='line_1_15' title="bbox 31 1566 757 1667; baseline 0.006 -27"><span class='ocrx_word' id='word_1_71' title='bbox 31 1620 33 1625; x_wconf 83' lang='lat'><em>.</em></span> <span class='ocrx_word' id='word_1_72' title='bbox 55 1570 140 1641; x_wconf 89' lang='lat' dir='ltr'>liciis</span> <span class='ocrx_word' id='word_1_73' title='bbox 162 1589 337 1643; x_wconf 86' lang='lat' dir='ltr'>enervatus</span> <span class='ocrx_word' id='word_1_74' title='bbox 356 1572 516 1667; x_wconf 88' lang='lat' dir='ltr'>majorem</span> <span class='ocrx_word' id='word_1_75' title='bbox 533 1566 606 1643; x_wconf 81' lang='lat' dir='ltr'>otid</span> <span class='ocrx_word' id='word_1_76' title='bbox 624 1569 660 1643; x_wconf 65' lang='grc' dir='ltr'>ὃς</span> <span class='ocrx_word' id='word_1_77' title='bbox 677 1571 757 1645; x_wconf 89' lang='lat' dir='ltr'>luxu</span> 
     </span>
     <span class='ocr_line' id='line_1_16' title="bbox 54 1665 758 1763; baseline 0.01 -27"><span class='ocrx_word' id='word_1_78' title='bbox 54 1667 220 1741; x_wconf 87' lang='lat' dir='ltr'>exercitui</span> <span class='ocrx_word' id='word_1_79' title='bbox 240 1665 298 1739; x_wconf 81' lang='lat' dir='ltr'>suo</span> <span class='ocrx_word' id='word_1_80' title='bbox 322 1666 470 1757; x_wconf 85' lang='lat' dir='ltr'><strong>cladem,</strong></span> <span class='ocrx_word' id='word_1_81' title='bbox 491 1690 590 1763; x_wconf 90' lang='lat' dir='ltr'>quarn</span> <span class='ocrx_word' id='word_1_82' title='bbox 606 1688 703 1745; x_wconf 88' lang='lat' dir='ltr'>antea</span> <span class='ocrx_word' id='word_1_83' title='bbox 716 1669 758 1743; x_wconf 89' lang='lat' dir='ltr'>ad</span> 
     </span>
     <span class='ocr_line' id='line_1_17' title="bbox 57 1761 757 1861; baseline 0.007 -25"><span class='ocrx_word' id='word_1_84' title='bbox 57 1762 191 1836; x_wconf 86' lang='lat' dir='ltr'>Cannas</span> <span class='ocrx_word' id='word_1_85' title='bbox 211 1761 300 1837; x_wconf 88' lang='lat' dir='ltr'>ferro</span> <span class='ocrx_word' id='word_1_86' title='bbox 317 1766 478 1839; x_wconf 89' lang='lat' dir='ltr'>Romano</span> <span class='ocrx_word' id='word_1_87' title='bbox 495 1785 688 1861; x_wconf 78' lang='lat' dir='ltr'>acceperat,</span> <span class='ocrx_word' id='word_1_88' title='bbox 705 1767 757 1841; x_wconf 91' lang='lat' dir='ltr'>in·</span> 
     </span>
     <span class='ocr_line' id='line_1_18' title="bbox 58 1861 757 1951; baseline 0.009 -19"><span class='ocrx_word' id='word_1_89' title='bbox 58 1861 155 1934; x_wconf 89' lang='lat' dir='ltr'>tulit:</span> <span class='ocrx_word' id='word_1_90' title='bbox 174 1863 219 1933; x_wconf 90' lang='lat' dir='ltr'>ita</span> <span class='ocrx_word' id='word_1_91' title='bbox 235 1882 276 1934; x_wconf 93' lang='lat' dir='ltr'>ut</span> <span class='ocrx_word' id='word_1_92' title='bbox 292 1886 369 1933; x_wconf 83' lang='lat' dir='ltr'>vere</span> <span class='ocrx_word' id='word_1_93' title='bbox 394 1862 517 1934; x_wconf 86' lang='lat' dir='ltr'>dixerit</span> <span class='ocrx_word' id='word_1_94' title='bbox 547 1863 757 1951; x_wconf 82' lang='lat' dir='ltr'>Marcellus,</span> 
     </span>
     <span class='ocr_line' id='line_1_19' title="bbox 56 1959 757 2050; baseline 0.007 -23"><span class='ocrx_word' id='word_1_95' title='bbox 56 1965 192 2049; x_wconf 82' lang='lat' dir='ltr'><em>Capuam</em></span> <span class='ocrx_word' id='word_1_96' title='bbox 204 1959 381 2050; x_wconf 82' lang='lat' dir='ltr'>Hannibali</span> <span class='ocrx_word' id='word_1_97' title='bbox 393 1960 604 2048; x_wconf 70' lang='lat' dir='ltr'>Cannarfuaffe</span> <span class='ocrx_word' id='word_1_98' title='bbox 627 1961 656 2030; x_wconf 89' lang='lat' dir='ltr'>b.</span> <span class='ocrx_word' id='word_1_99' title='bbox 682 1963 757 2035; x_wconf 84' lang='lat' dir='ltr'>Mi·</span> 
     </span>
     <span class='ocr_line' id='line_1_20' title="bbox 54 2054 758 2151; baseline 0 -23"><span class='ocrx_word' id='word_1_100' title='bbox 54 2057 201 2129; x_wconf 86' lang='lat' dir='ltr'>tescente</span> <span class='ocrx_word' id='word_1_101' title='bbox 218 2076 329 2127; x_wconf 88' lang='lat' dir='ltr'>tamen</span> <span class='ocrx_word' id='word_1_102' title='bbox 341 2056 463 2148; x_wconf 86' lang='lat' dir='ltr'>hyeme</span> <span class='ocrx_word' id='word_1_103' title='bbox 478 2054 520 2125; x_wconf 88' lang='lat' dir='ltr'>ad</span> <span class='ocrx_word' id='word_1_104' title='bbox 529 2059 758 2151; x_wconf 87' lang='lat' dir='ltr'>oppugnatio-</span> 
     </span>
     <span class='ocr_line' id='line_1_21' title="bbox 57 2152 759 2248; baseline 0 -23"><span class='ocrx_word' id='word_1_105' title='bbox 57 2177 135 2225; x_wconf 88' lang='lat' dir='ltr'>nem</span> <span class='ocrx_word' id='word_1_106' title='bbox 151 2152 289 2226; x_wconf 90' lang='lat' dir='ltr'>Cafilini</span> <span class='ocrx_word' id='word_1_107' title='bbox 305 2153 403 2224; x_wconf 88' lang='lat' dir='ltr'>rediit</span> <span class='ocrx_word' id='word_1_108' title='bbox 428 2167 461 2221; x_wconf 86' lang='lat' dir='ltr'>c:</span> <span class='ocrx_word' id='word_1_109' title='bbox 479 2175 557 2221; x_wconf 88' lang='lat' dir='ltr'>cum</span> <span class='ocrx_word' id='word_1_110' title='bbox 574 2155 646 2248; x_wconf 89' lang='lat' dir='ltr'>ejus</span> <span class='ocrx_word' id='word_1_111' title='bbox 660 2153 759 2225; x_wconf 85' lang='lat' dir='ltr'>inco·</span> 
     </span>
     <span class='ocr_line' id='line_1_22' title="bbox 53 2248 759 2345; baseline 0 -23"><span class='ocrx_word' id='word_1_112' title='bbox 53 2248 104 2322; x_wconf 88' lang='lat' dir='ltr'>lae</span> <span class='ocrx_word' id='word_1_113' title='bbox 124 2253 189 2343; x_wconf 80' lang='lat' dir='ltr'>jam</span> <span class='ocrx_word' id='word_1_114' title='bbox 206 2272 389 2323; x_wconf 83' lang='lat' dir='ltr'>extremam</span> <span class='ocrx_word' id='word_1_115' title='bbox 411 2249 536 2321; x_wconf 88' lang='lat' dir='ltr'>famem</span> <span class='ocrx_word' id='word_1_116' title='bbox 553 2269 759 2345; x_wconf 85' lang='lat' dir='ltr'>paterentur.</span> 
     </span>
     <span class='ocr_line' id='line_1_23' title="bbox 54 2345 758 2446; baseline 0.003 -29"><span class='ocrx_word' id='word_1_117' title='bbox 54 2348 209 2418; x_wconf 80' lang='lat' dir='ltr'>Gracchus</span> <span class='ocrx_word' id='word_1_118' title='bbox 226 2349 362 2446; x_wconf 88' lang='lat' dir='ltr'>quidem</span> <span class='ocrx_word' id='word_1_119' title='bbox 383 2345 548 2444; x_wconf 85' lang='lat' dir='ltr'>Magister</span> <span class='ocrx_word' id='word_1_120' title='bbox 571 2345 758 2443; x_wconf 79' lang='lat' dir='ltr'>Equitum,</span> 
     </span>
     <span class='ocr_line' id='line_1_24' title="bbox 53 2442 760 2542; baseline 0.001 -26"><span class='ocrx_word' id='word_1_121' title='bbox 53 2448 112 2542; x_wconf 90' lang='lat' dir='ltr'>qui</span> <span class='ocrx_word' id='word_1_122' title='bbox 125 2448 275 2516; x_wconf 89' lang='lat' dir='ltr'>Romam</span> <span class='ocrx_word' id='word_1_123' title='bbox 292 2443 443 2542; x_wconf 75' lang='lat' dir='ltr'>prosedio</span> <span class='ocrx_word' id='word_1_124' title='bbox 455 2442 630 2517; x_wconf 63' lang='lat' dir='ltr'>Didratore</span> <span class='ocrx_word' id='word_1_125' title='bbox 639 2442 760 2519; x_wconf 84' lang='lat' dir='ltr'>Cafili-</span> 
     </span>
     <span class='ocr_line' id='line_1_25' title="bbox 54 2539 760 2641; baseline 0.004 -26"><span class='ocrx_word' id='word_1_126' title='bbox 54 2560 103 2615; x_wconf 82' lang='lat' dir='ltr'>no·</span> <span class='ocrx_word' id='word_1_127' title='bbox 122 2539 760 2641; x_wconf 69' lang='lat' dir='ltr'>affidebat‚cumcataoniaatorisper</span> 
     </span>
     <span class='ocr_line' id='line_1_26' title="bbox 55 2639 758 2739; baseline 0.004 -28"><span class='ocrx_word' id='word_1_128' title='bbox 55 2639 236 2712; x_wconf 87' lang='lat' dir='ltr'>absentiam</span> <span class='ocrx_word' id='word_1_129' title='bbox 257 2640 326 2728; x_wconf 84' lang='lat' dir='ltr'>ejus</span> <span class='ocrx_word' id='word_1_130' title='bbox 348 2639 472 2736; x_wconf 89' lang='lat' dir='ltr'>aliquid</span> <span class='ocrx_word' id='word_1_131' title='bbox 499 2663 615 2737; x_wconf 87' lang='lat' dir='ltr'>gerere</span> <span class='ocrx_word' id='word_1_132' title='bbox 640 2642 758 2739; x_wconf 90' lang='lat' dir='ltr'>prohi-</span> 
     </span>
     <span class='ocr_line' id='line_1_27' title="bbox 55 2736 759 2834; baseline 0.001 -26"><span class='ocrx_word' id='word_1_133' title='bbox 55 2737 218 2825; x_wconf 88' lang='lat' dir='ltr'>beretur,</span> <span class='ocrx_word' id='word_1_134' title='bbox 242 2736 414 2834; x_wconf 88' lang='lat' dir='ltr'>complura</span> <span class='ocrx_word' id='word_1_135' title='bbox 441 2758 552 2810; x_wconf 88' lang='lat' dir='ltr'>tamen</span> <span class='ocrx_word' id='word_1_136' title='bbox 577 2738 666 2810; x_wconf 83' lang='lat' dir='ltr'>dolia</span> <span class='ocrx_word' id='word_1_137' title='bbox 688 2737 759 2809; x_wconf 82' lang='lat' dir='ltr'>fra·</span> 
     </span>
     <span class='ocr_line' id='line_1_28' title="bbox 57 2832 762 3003; baseline -0.006 -92"><span class='ocrx_word' id='word_1_138' title='bbox 57 2852 177 2911; x_wconf 89' lang='lat' dir='ltr'>mento</span> <span class='ocrx_word' id='word_1_139' title='bbox 194 2834 289 2932; x_wconf 85' lang='lat' dir='ltr'>plena</span> <span class='ocrx_word' id='word_1_140' title='bbox 304 2832 447 2919; x_wconf 84' lang='lat' dir='ltr'>secundo</span> <span class='ocrx_word' id='word_1_141' title='bbox 461 2858 558 2909; x_wconf 88' lang='lat' dir='ltr'>amne</span> <span class='ocrx_word' id='word_1_142' title='bbox 576 2833 762 3003; x_wconf 49' lang='lat' dir='ltr'>Cafilimfim</span> 
     </span>
    </p>

    <p class='ocr_par' dir='ltr' id='par_1_3' title="bbox 655 2949 759 3005">
     <span class='ocr_line' id='line_1_29' title="bbox 655 2949 759 3005; baseline 0.019 -2"><span class='ocrx_word' id='word_1_143' title='bbox 655 2955 704 3003; x_wconf 86' lang='lat' dir='ltr'>rm</span> <span class='ocrx_word' id='word_1_144' title='bbox 732 2949 759 3005; x_wconf 88' lang='lat' dir='ltr'>t.</span> 
     </span>
    </p>
   </div>
   <div class='ocr_carea' id='block_1_3' title="bbox 90 3072 761 3234">
    <p class='ocr_par' dir='ltr' id='par_1_4' title="bbox 90 3072 761 3234">
     <span class='ocr_line' id='line_1_30' title="bbox 94 3072 761 3157; baseline 0.024 -28"><span class='ocrx_word' id='word_1_145' title='bbox 94 3088 113 3129; x_wconf 81' lang='lat' dir='ltr'>a</span> <span class='ocrx_word' id='word_1_146' title='bbox 131 3073 224 3132; x_wconf 68' lang='lat' dir='ltr'>Ibida.</span> <span class='ocrx_word' id='word_1_147' title='bbox 234 3089 276 3145; x_wconf 84' lang='lat'>17.</span> <span class='ocrx_word' id='word_1_148' title='bbox 315 3074 333 3131; x_wconf 90' lang='lat' dir='ltr'>b</span> <span class='ocrx_word' id='word_1_149' title='bbox 353 3073 415 3141; x_wconf 75' lang='lat' dir='ltr'><em>raia.</em></span> <span class='ocrx_word' id='word_1_150' title='bbox 426 3093 448 3141; x_wconf 75' lang='lat' dir='ltr'>r·</span> <span class='ocrx_word' id='word_1_151' title='bbox 461 3091 508 3154; x_wconf 79' lang='lat'>45·</span> <span class='ocrx_word' id='word_1_152' title='bbox 519 3072 587 3140; x_wconf 73' lang='lat' dir='ltr'>aar.</span> <span class='ocrx_word' id='word_1_153' title='bbox 601 3081 633 3135; x_wconf 77' lang='lat' dir='ltr'>L.</span> <span class='ocrx_word' id='word_1_154' title='bbox 647 3081 686 3157; x_wconf 62' lang='lat'>31·</span> <span class='ocrx_word' id='word_1_155' title='bbox 698 3093 719 3140; x_wconf 76' lang='lat' dir='ltr'>c·</span> <span class='ocrx_word' id='word_1_156' title='bbox 731 3073 761 3145; x_wconf 65' lang='lat'>⁶2</span> 
     </span>
     <span class='ocr_line' id='line_1_31' title="bbox 90 3150 519 3234; baseline 0.028 -26"><span class='ocrx_word' id='word_1_157' title='bbox 90 3150 338 3234; x_wconf 50' lang='lat' dir='ltr'>camarae,</span> <span class='ocrx_word' id='word_1_158' title='bbox 457 3208 459 3213; x_wconf 69' lang='grc'>,</span> <span class='ocrx_word' id='word_1_159' title='bbox 515 3200 519 3209; x_wconf 81' lang='lat'><em>·</em></span> 
     </span>
    </p>
   </div>
   <div class='ocr_carea' id='block_1_4' title="bbox 0 0 1006 3554">
    <p class='ocr_par' dir='ltr' id='par_1_5' title="bbox 0 0 1006 3554">
     <span class='ocr_line' id='line_1_32' title="bbox 0 0 1006 3554; baseline 0 0"><span class='ocrx_word' id='word_1_160' title='bbox 0 0 1006 3554; x_wconf 95' lang='lat' dir='ltr'> </span> 
     </span>
    </p>
   </div>
  </div>
 </body>
</html>
