2002 3554
150 153 307 245 Raima.
332 104 493 235 Roitatt.
519 146 664 231 hall.
722 172 791 256 333

96 314 169 399 lrltu
182 315 327 412 quodam
343 337 385 386 ex
393 311 515 385 insidiis
523 314 791 393 circumveniet„

96 433 142 501 tes
167 416 329 508 plurimos
347 411 491 486 caedunt
498 441 509 496 ς
537 411 681 508 reliquos
696 417 788 490 invi.

96 537 134 587 :o
149 517 262 583 Taneto
275 509 447 585 obfident:
476 507 597 606 quibus
614 511 791 588 confestim

96 618 128 697 ς.
147 613 270 681 Atilius
286 610 423 685 Praetor
441 616 458 669 ά
477 632 555 681 cum
573 610 709 707 legione
726 634 792 685 una

96 709 212 793 auxilio
246 709 398 789 mittitur.
449 704 588 783 interim
623 706 794 781 Hannibal

96 830 172 889 tum
203 804 291 877 bona
325 829 405 901 paee
438 807 631 905 regulorum
674 806 793 879 Gallo·

96 910 166 977 r'um
184 928 242 999 per
258 902 339 977 fines
355 927 473 985 eorum
489 907 677 976 exercitum
689 903 795 976 ductd

96 1001 162 1075 bat.
199 1002 340 1100 jamque
364 1000 405 1071 ad
421 997 631 1077 Rhodanum
646 1002 793 1081 fluvium

96 1112 291 1195 pervenerat
315 1155 326 1186 ,
360 1120 438 1171 cum
456 1103 501 1167 P.
518 1103 677 1169 Cornelius
692 1103 795 1200 Scipio

96 1195 242 1287 Consul,
258 1198 316 1292 qui
330 1193 370 1271 ad
380 1193 503 1268 ostium
512 1195 670 1267 Rhodani
679 1194 798 1271 Malli-

97 1290 158 1365 liae
185 1296 382 1388 proximum
409 1291 514 1369 castra
530 1291 694 1385 habebat,
720 1297 797 1367 vix·

97 1388 259 1475 dumsatis
270 1390 444 1476 crederet,
461 1393 646 1488 Pyrenaeos
663 1414 796 1465 montes

97 1487 140 1560 ab
159 1510 201 1558 eo
220 1489 284 1560 elle
298 1488 477 1586 superatos.
509 1488 607 1561 Nam
622 1489 704 1561 alter
720 1493 798 1587 qui«

97 1583 175 1670 dem
193 1585 290 1683 hujus
304 1586 380 1665 anni
399 1584 525 1661 Consul
541 1570 800 1686 Ti,Semprorriui

97 1683 256 1767 Gracchus
284 1708 362 1756 cum
390 1683 486 1757 claffe
509 1683 634 1757 bellum
652 1687 687 1756 in
704 1685 799 1758 Afti⁴

97 1802 172 1862 cam
203 1783 355 1880 trajicere
376 1785 599 1880 cogitaverat,
636 1785 736 1856 tantis
761 1786 799 1856 in

97 1877 210 1959 Sicilia
232 1879 326 1955 fartis
340 1878 570 1977 apparatibus,
588 1879 679 1976 quast
694 1881 797 1979 ipfam

98 1972 341 2074 Carthaginem
358 1976 800 2072 ptimoappulsufuilfetob·

97 2070 234 2145 sessurus
252 2072 298 2145 b:
326 2071 381 2147 sed
413 2073 638 2145 Hannibalem
662 2073 698 2144 in
734 2074 802 2143 lta·

99 2170 179 2242 liam
203 2170 382 2243 adventare
400 2169 591 2246 nunciato,
630 2167 807 2251 confestim

101 2268 144 2340 ad
173 2269 300 2364 patriae
324 2290 427 2364 opem
445 2263 629 2341 ¹ferendam
667 2289 834 2339 revoca.
872 2320 875 2325 ·

102 2386 158 2439 tttt
182 2382 209 2437 ἲ.

152 2463 276 2545 §.Vll
303 2462 476 2537 Hannibal
500 2488 629 2561 porro,
660 2489 747 2551 cum,
764 2462 875 2545 adl-7·
897 2473 968 2547 Qv-

105 2562 314 2635 Rhodanum
336 2559 478 2641 flurium
496 2561 690 2653 acceffiffet,
716 2566 807 2638 itaut
816 2550 886 2608 ''md‘'
902 2549 968 2607 aaa·

104 2679 248 2755 quatuor
278 2656 407 2731 dierum
431 2661 551 2732 itinere
573 2664 645 2757 ejus
669 2663 771 2734 castra
788 2630 937 2771 assaffi,

106 2754 191 2841 mari
212 2754 356 2829 abessent
376 2755 396 2815 d
413 2809 425 2843 ‚
452 2755 561 2831 statim
583 2762 697 2857 copias
717 2763 961 2851 trapi-Hannibal,

105 2876 183 2933 cere
207 2853 410 2927 conabatur:
437 2850 536 2952 atque
562 2858 597 2928 in
614 2882 691 2929 eum
706 2855 810 2929 finem

656 2976 811 3051 magnam

146 3107 162 3150 a
182 3092 242 3151 Liv.
260 3101 376 3152 LXXI.
388 3093 465 3151 ⁶026.
504 3091 522 3151 b
541 3093 628 3170 rotat.
641 3102 813 3171 mitam.

146 3184 163 3227 c
182 3167 247 3231 rbr'd.
264 3187 283 3233 t.
292 3170 338 3234 61.
376 3168 394 3230 d
413 3170 480 3251 ibid.
500 3189 575 3247 aaa.
