2048 3526
170 136 332 214 Rernunr
356 133 520 249 Ronrnn.
545 132 626 210 Lrn.
636 134 685 209 V.
741 155 808 232 509

115 295 209 372 clade
234 300 366 371 territus
397 295 589 369 Antiochus
610 319 710 394 pravo
724 314 811 370 con·

116 397 189 469 filio
214 394 431 489 praefidiunn
471 417 514 464 ne
532 419 550 465 a
568 393 731 468 Romanis
747 420 810 492 op·

114 494 334 588 primeretur,
358 490 399 563 ab
423 489 637 582 Lysimachia
652 490 806 564 deducit:
826 508 830 514 ’

116 612 215 687 quarn
244 588 361 660 urbem
386 585 484 659 facile
508 611 566 685 per
597 607 703 661 totam
727 588 809 684 hyc-

117 709 208 758 mem
231 684 378 758 adversus
407 684 581 757 Romanos
600 682 812 756 defendendo

117 805 250 878 tempus
272 782 445 855 extrahere
464 782 503 854 ad
519 781 706 854 occafiones
724 782 813 878 pacis

119 880 296 955 tentandae
316 896 458 978 poterat.
492 878 583 964 Sed,
608 900 647 951 ut
663 878 813 952 observat

121 979 310 1146 Appiam,
337 980 432 1050 Deus
444 977 504 1076 ipfi
514 980 577 1071 iarn
587 997 733 1050 mentem
745 977 815 1050 adi·

122 1099 174 1146 me
199 1094 250 1160 at,
284 1095 322 1149 ut
346 1074 594 1147 imminentibus
615 1074 816 1149 calamitati·

121 1171 182 1243 bus
205 1169 277 1244 fieri
305 1171 435 1246 soleta.
481 1172 557 1243 imo
585 1171 687 1244 etiam
709 1169 816 1242 Colo·
940 1234 948 1257 .·

102 1268 243 1365 phonis
260 1267 464 1341 obfidionenr
488 1267 637 1364 reliquit,
662 1268 819 1340 &Sardes

122 1365 155 1439 se
179 1367 298 1464 recipit
327 1369 440 1462 copias
464 1364 610 1461 undique
625 1374 728 1456 (nant
745 1367 817 1450 acie

124 1461 817 1561 dimicarecupiebat)contrasturus.Prae-

124 1583 180 1633 tor
208 1561 475 1645 veroiAemilius
492 1559 676 1633 Phocaeam
700 1562 820 1633 acriter

123 1656 260 1731 adortus
274 1658 315 1730 ad
333 1658 539 1732 deditionem
555 1659 680 1730 incolas
696 1681 820 1755 perpu-

70 1823 73 1830 ,
123 1754 191 1842 lir;
214 1753 266 1827 sed
284 1756 657 1853 prohiberenon'potuit
676 1752 722 1840 b,
740 1758 822 1852 quin
915 1785 920 1793 ¹

110 1854 246 1924 -milites
267 1851 308 1925 ad
333 1852 555 1952 diripiendam
573 1853 691 1928 urbem
707 1852 823 1950 paffim

124 1948 364 2022 discurrerent:
392 1948 453 2046 ipfi
473 1969 585 2019 tamen
602 1952 636 2020 in
652 1951 823 2038 omnibus,

128 2067 213 2140 quae
235 2043 334 2138 ipfius
362 2043 532 2142 potestatis
560 2043 716 2129 fuerunt,
742 2045 825 2117 fides

127 2141 295 2227 constitit,
322 2143 367 2213 ita
391 2160 436 2212 ut¹
454 2139 589 2224 urbem,
615 2163 711 2238 agros
727 2140 824 2213 ecre·

129 2262 188 2338 ges
203 2237 270 2311 suas
291 2235 385 2310 vietis
400 2235 595 2315 restitueret.
818 2315 820 2319 ‚

182 2348 212 2421 §.
230 2335 331 2407 Vlll.
364 2336 493 2408 Interea
513 2334 628 2430 Scipio
645 2333 771 2410 Consul
785 2335 824 2410 ad
838 2339 959 2432 §5854-

131 2431 388 2530 Hellespontum
397 2452 608 2530 pervenerat:
634 2433 688 2519 ἃ,
714 2432 988 2551 οωηὶ-ΡῙΜὪ

129 2532 192 2604 bus
209 2555 285 2603 cura
302 2528 462 2604 Eumenis
476 2529 517 2604 ad
526 2519 759 2627 trajiciendum
768 2559 826 2630 pa·
838 2491 938 2628 vm

133 2630 211 2701 ratis
229 2679 241 2718 ,
262 2628 366 2702 -velut
389 2630 422 2701 in
440 2648 553 2726 pacata
568 2631 666 2704 litora
684 2633 829 2730 trajecit.

131 2728 231 2800 Dum
248 2745 360 2798 autem
378 2726 425 2813 ibi
442 2724 487 2798 ob
507 2724 731 2823 religionem,
754 2731 833 2822 quia

131 2824 201 2896 dies
227 2822 340 2914 forte,
366 2824 485 2919 quibus
503 2823 622 2896 ancilia
637 2844 833 2908 moventur,

131 2920 278 3020 religiofi
303 2920 344 2994 ad
368 2921 431 2998 iter
448 2918 655 3015 inciderant,
683 2923 747 3096 (ξε
760 2920 834 3094 ἐρῶ
858 2985 860 2989 ,

734 3069 742 3094 ο
784 3039 833 3094 ci·

166 3138 357 3224 aibidcqt.
410 3168 475 3212 „2
564 3232 568 3236 .
653 3195 657 3199 .
