2002 3554
125 157 468 238 nanta-nonan.
494 156 576 240 Ltn.
589 162 636 240 ll.
689 185 756 266 175

55 322 97 398 iit
110 325 276 402 indibum
293 319 354 395 est.
373 320 442 417 Sed
460 320 566 397 Gallis
580 329 761 405 adventan-
897 368 903 375 ·

56 422 166 511 tibus,
189 424 226 495 &
250 419 292 492 ad
320 420 488 493 Anienem
502 420 543 492 ad
560 429 696 500 tertium
712 430 759 502 la·

83 522 175 594 idem
200 515 303 592 castra
317 516 504 591 beantibus
520 544 539 595 a
555 520 758 600 Tiburtibus

103 616 184 692 llum
201 614 359 692 aversum.
409 615 461 690 lbi
480 616 561 690 dnm
579 621 621 692 de
641 641 759 721 ponte,

57 719 118 810 qui
137 719 171 789 in
187 714 300 790 medio
319 713 499 788 castrorum
519 719 688 816 utriusque
696 716 773 819 p0-'

58 814 130 911 puli
152 836 240 893 erat,
257 813 375 888 crebra
397 812 499 887 effent
518 818 661 911 praelia,
685 818 774 891 exi-t

55 913 123 984 mia
137 912 288 1005 corporis
304 913 540 1007 magnitudine
553 911 672 986 Gallus
681 936 761 1011 pro·

54 1001 166 1101 cellit,
182 1012 484 1106 Romanorumque
496 1007 709 1084 fortissimum
718 1012 760 1086 ad

56 1107 220 1209 singulare
243 1125 413 1178 certamen
430 1110 636 1202 provocavit.
685 1111 759 1184 Hic

44 1205 112 1302 ille
138 1206 186 1279 T.
202 1204 354 1278 Manlius
371 1217 388 1259 ¹
405 1254 417 1289 ,
442 1205 500 1298 qui
523 1208 652 1302 patrem
669 1232 686 1279 a
702 1229 760 1279 ve—

55 1304 196 1376 tratione
221 1299 403 1375 tribunicia
426 1301 677 1389 vindicaverat,
701 1324 763 1377 ve·

55 1403 146 1474 niaa
165 1397 344 1474 minatore
360 1399 464 1496 petita
481 1397 619 1473 Gallum
641 1422 764 1501 aggre-
839 1421 842 1427 ·

56 1496 176 1585 ditur,
207 1499 342 1588 vineit,
374 1496 409 1568 ὃ(
433 1522 538 1594 torque
555 1499 760 1590 (Gallorum

56 1595 119 1668 nic
144 1593 315 1692 gestamen
338 1601 429 1687 erat)
452 1597 578 1692 spoliat.
611 1603 667 1672 Ac
682 1600 759 1671 Tot·

53 1716 170 1790 quartus
184 1692 266 1764 inde
283 1691 417 1765 militari
419 1696 503 1790 joco
511 1692 619 1769 diuus
627 1705 761 1797 cogno-

57 1812 138 1865 rnen
153 1791 222 1864 hoc
234 1789 277 1863 ad
296 1789 442 1888 posteros
449 1794 657 1892 propagavit.
675 1794 760 1870 Gal·

56 1887 81 1963 li
98 1889 251 1987 proxima
269 1886 368 1961 notre
382 1889 507 1964 relirlis
523 1892 633 1964 castris
646 1893 761 1969 Tibur

56 1986 202 2073 abeunt5
238 1985 274 2057 ὃ(
293 1987 450 2060 societate
462 2013 543 2060 cunr
556 1986 760 2062 Tiburtibus

57 2081 143 2156 frtiiu
158 2109 248 2156 anno
265 2080 420 2180 sequente
436 2083 577 2156 Latium
592 2080 760 2157 foedede-

58 2181 272 2278 populantur.
320 2178 389 2252 Sed
423 2205 441 2250 a
473 2176 648 2252 Romanis*
672 2178 762 2256 haud

58 2279 178 2377 procul
194 2297 292 2376 porta
310 2274 447 2350 Collina
463 2279 498 2350 iu
513 2275 694 2390 conspeiiu
704 2301 762 2380 pa·

58 2398 195 2450 rentum
230 2377 485 2473 conjugumque
514 2398 554 2450 tc
577 2376 762 2452 liberorum

59 2473 269 2548 memorabili
286 2497 399 2575 pugna
411 2476 601 2550 vincuntur.
629 2474 762 2551 Tibur·

59 2572 150 2647 tibus
172 2593 283 2646 tamen
303 2573 393 2645 aden
407 2575 537 2646 animur
552 2596 623 2647 non
639 2576 762 2650 frabus

60 2669 131 2758 est,
155 2690 194 2743 ut
209 2672 369 2765 proximo
386 2692 475 2743 anno
488 2693 565 2769 394.
584 2668 603 2731 b
626 2669 763 2747 nouor-

57 2792 145 2842 num
174 2788 338 2840 terrorem
358 2767 403 2838 ad
427 2768 510 2867 ipsas
526 2788 637 2866 portas
656 2768 764 2845 Urbis
896 2790 901 2801 ·

59 2867 197 2943 Romae
226 2866 436 2936 excitarent:
467 2863 521 2935 sed
538 2868 595 2937 rix
615 2866 761 2961 primurn

58 2965 230 3066 impetum
255 2962 491 3035 Romanorum
504 2959 698 3037 sustinentes
714 2988 763 3035 re·
896 3024 899 3030 ,

677 3062 763 3163 pulli

60 3179 301 3249 omaro
337 3180 538 3249 rumara
