2048 3526
137 125 299 237 Raram.
323 121 480 196 Rouau.
505 119 647 197 Lrn.V.
700 136 781 219 55⁷.

91 311 133 363 :us
157 285 283 373 suerat,
306 280 377 354 fuso
399 280 625 380 Hispanorum
647 285 781 359 exerci·

91 411 142 471 :u3
169 381 204 454 &
227 389 329 478 capto
356 380 456 480 Rege
479 403 596 453 eorum
624 388 778 456 Hilerma.
790 425 859 480 M
877 422 941 498 561'

91 481 148 557 3ed
181 502 269 550 anno
288 476 462 573 sequente,
488 500 567 550 cum
589 477 636 550 ob
657 479 781 554 bellum
857 467 864 486 ⁶
932 464 940 483 ’

91 601 161 650 :um
187 575 365 649 Antiocho
379 579 483 673 'Rege
498 597 656 648 exortum
674 578 794 674 impe·'

91 677 172 749 rium
190 673 266 771 ipsis
283 694 499 771 prorogatum
508 672 586 745 esset
604 691 620 733 ²
640 726 652 766 ,
677 677 783 762 maio·

91 797 123 846 te
146 771 361 871 prosperitate
385 794 436 842 res
458 769 652 871 gesserunt,
686 770 785 844 caesia

91 872 256 968 aliquoties
271 868 440 959 hostibus,
463 864 676 966 pluribusque
690 870 781 941 urbi·

91 972 145 1042 'nus
159 969 274 1064 captis.
299 963 430 1041 Verum
453 982 540 1040 anno
555 965 782 1066 quingentefi·
794 968 941 1047 A.U·563·

91 1074 150 1140 mo
168 1061 370 1163 serragesrmo
397 1066 498 1137 tertio
521 1064 678 1137 laetitiam
707 1067 785 1139 Ro·

92 1187 267 1237 manorum
283 1163 329 1236 ob
352 1158 479 1235 villum
496 1164 531 1234 in
553 1160 698 1234 Graecia
711 1162 784 1235 An·

91 1258 241 1335 tiochum
267 1262 390 1333 minuit
402 1261 541 1332 nuncius
562 1281 605 1330 ex
623 1257 787 1356 Hispania

92 1359 132 1433 de
156 1357 285 1432 adversa
312 1381 425 1455 pugna
453 1376 601 1454 pugnata
615 1355 718 1431 dullu
743 1363 786 1431 L.

92 1461 228 1528 Aemilii
259 1460 389 1544 Paulli,
421 1455 534 1545 (idem
548 1453 623 1545 est,
647 1457 705 1552 qui
722 1479 786 1553 po·

92 1552 156 1628 slea
180 1555 321 1652 Regem
349 1550 462 1625 Persea
478 1575 599 1650 magna
617 1553 724 1651 gloria
734 1552 787 1626 vi·

91 1654 140 1726 cit
159 1650 177 1712 b
197 1655 207 1722 l
226 1652 284 1749 qui
299 1675 386 1724 anno
402 1651 621 1747 praecedente
654 1652 790 1749 Praetor

92 1775 169 1824 cum
193 1747 424 1824 Proconsulari
440 1750 584 1846 imperio
600 1750 635 1820 in
651 1744 789 1848 provin·¹
886 1815 888 1822 .

92 1851 178 1922 eiam
196 1845 364 1944 protellus
378 1846 483 1920 fuerat
504 1864 520 1907 c
539 1873 550 1917 a
575 1846 666 1920 idem
676 1870 789 1922 tamen

92 1965 181 2017 anno
204 1943 359 2039 sequente
380 1942 517 2015 villaria
551 1944 593 2013 de
623 1944 789 2018 Lusitanis
799 1932 944 2008 ΛΕΜ

95 2059 189 2138 parta
205 2040 447 2136 tranquilliores
463 2061 515 2112 res
531 2039 566 2109 in
574 2040 732 2134 Hispania
740 2042 789 2113 fe·
875 2054 884 2085 ¹

94 2141 143 2211 cit
162 2136 180 2196 d
202 2164 209 2210 :
237 2156 428 2235 opportune
445 2133 602 2233 quidem,
628 2159 715 2224 ¹cum
732 2162 791 2235 pet

95 2260 157 2308 eoa
174 2232 242 2308 dies
258 2243 300 2306 L.
317 2233 443 2305 Baebius
458 2239 594 2306 Praetor
609 2235 642 2329 in
653 2240 791 2330 provin·
907 2282 909 2289 s

95 2333 182 2406 ciam
199 2330 388 2431 Hispaniam
405 2326 615 2431 proficiscens
626 2332 668 2412 ab
684 2335 794 2435 Ligu·

98 2431 188 2506 ribus
205 2433 471 2520 circumventus,
497 2452 619 2528 magna
634 2454 727 2530 parte
735 2457 794 2504 co·

98 2532 222 2604 mitum
247 2526 361 2614 caesa,
388 2531 578 2603 vulneratus
594 2530 662 2626 ipse
679 2526 795 2605 Malli·

98 2629 161 2700 liae
177 2629 262 2700 intra
278 2624 634 2723 ttidtmmexspiraslet.
658 2627 796 2702 Lufita-

101 2748 161 2796 nos
187 2726 307 2798 iterum
343 2725 385 2797 A.
405 2725 453 2799 U.
476 2733 557 2820 567.
582 2747 601 2794 a
628 2731 666 2797 C.
682 2731 951 2816 attenuatam.

101 2823 259 2896 Praetore
284 2818 390 2896 villos
412 2822 450 2897 &
475 2821 729 2917 Aliamurbem
742 2848 799 2897 ca·

709 2942 803 3020 ptam

138 3070 156 3112 a
175 3057 238 3117 rata.
254 3075 275 3116 a.
283 3075 327 3116 22.
366 3055 384 3116 a
403 3059 442 3120 ra.
461 3027 632 3121 alaman.
650 3071 725 3136 aar.

140 3130 237 3225 cilbid.
254 3135 330 3215 a46.
365 3133 386 3197 d
405 3134 472 3218 [bada
490 3151 569 3220 an,
630 3136 634 3144 “
