2002 3554
163 120 325 198 Rrrrun.
350 121 509 197 Romam
528 118 657 198 'Lrn.I.
729 146 777 223 57

78 305 159 356 num
175 283 388 357 obtinuisset:
407 283 505 362 &ibi
518 284 775 360 insenarucon:

74 399 127 452 tra
146 384 298 452 socerum
317 381 501 454 orationem
521 381 644 456 habuit.
679 383 774 458 Tul·

76 477 138 549 lius
172 478 241 548 hoc
271 480 397 550 nuncio
426 481 557 552 excitus
583 479 618 549 in
648 483 771 556 curiam

75 597 252 670 properat:
277 595 313 650 at
328 578 529 676 Tarquinius
545 577 653 648 multo
669 575 705 647 &
717 603 772 649 ae-

74 689 170 756 tate,
205 671 242 744 &
269 674 390 750 viribus
420 674 589 764 valentior⁴
619 673 772 747 medium

19 775 25 797 ⁹
76 770 228 842 Servium
251 775 392 871 arripit:
424 774 611 870 elatumque
627 797 646 843 e
664 774 772 855 Curia

72 865 106 936 in
130 868 321 942 inferiorem
344 889 471 966 partem
488 894 548 966 per
570 869 690 965 gradus
709 869 769 942 de·

67 963 173 1059 jicit:
209 968 270 1038 lta·
285 986 324 1040 ut
341 969 493 1064 ¹graviter
515 964 686 1040 affluimus
707 965 770 1038 do·

69 1083 168 1132 mum
193 1060 224 1132 se
245 1065 420 1158 reciperet.
473 1062 556 1134 Inde
581 1083 711 1136 narrant
732 1078 767 1153 ὃ,

56 1155 226 1251 ¹Tulliam
250 1178 409 1252 carpento
439 1160 475 1230 in
498 1158 609 1229 forum
639 1158 768 1231 veetam

67 1256 215 1350 primam
234 1250 546 1354 maritum'Regem
562 1253 768 1337 salutasse,&

68 1353 246 1440 monuisti,
273 1372 312 1426 ut
323 1352 563 1451 percussoribus
587 1349 687 1425 miffis
706 1353 768 1425 sta·

67 1450 132 1520 tim
142 1451 299 1523 Tullium
315 1476 334 1522 e
349 1451 461 1524 medio
476 1452 628 1528 tolleret:
646 1449 763 1546 ipsam·

67 1568 135 1638 que
169 1546 261 1620 furiis
291 1550 407 1622 sororis
436 1574 475 1623 ae
507 1550 567 1623 viri
603 1551 762 1644 agitatam

65 1666 175 1733 mox,
210 1671 286 1720 cum
304 1646 451 1739 {domum
471 1666 689 1720 reverteretur
704 1671 764 1745 per

62 1739 169 1834 ipsum
180 1746 279 1839 patris
294 1768 433 1842 corpus,
449 1745 538 1844 quod
554 1744 757 1817 trucidatum

62 1837 168 1910 invia
190 1840 320 1936 publica
333 1843 492 1940 jacebat,
516 1843 623 1914 invito
642 1842 757 1938 auriga

60 1957 257 2033 carpentum
283 1941 392 2035 egiffe.
442 1941 533 2012 Vico
558 1938 635 2010 inde
658 1943 757 2014 Scele-

61 2052 127 2102 rato
145 2059 268 2107 nomen
284 2035 377 2108 fuiffe
394 2035 530 2109 initum.
579 2088 582 2093 -

80 2226 83 2232 '
135 2202 691 2285 CAPUTSEPTIMUM.
780 2196 837 2254 '·
904 2249 911 2266 .

194 2359 250 2428 De
277 2360 446 2455 Tarquinio
470 2353 613 2456 Superbo.
820 2322 825 2335 ⁵

57 2542 89 2608 5·
108 2527 139 2598 l·
166 2547 232 2695 lta
247 2534 465 2630 Tarquinius,
491 2534 545 2606 eui
564 2533 686 2631 posteri
710 2563 751 2611 ert
766 2559 908 2623 §.amm

218 2632 367 2704 moribus
402 2631 529 2744 Superbi
559 2657 749 2730 cognomen
762 2640 923 2713 Tarquinia*

51 2719 268 2812 indiderunt,
291 2734 442 2828 regnavit
466 2733 584 2827 mjuffu
605 2734 747 2824 Populi,
758 2709 884 2860 Ζξηὲζζὲ

49 2845 164 2916 neque
187 2827 336 2899 Patribus
358 2827 544 2906 auetoribus
560 2841 598 2898 h.
658 2828 746 2897 Eum
758 2861 904 2932 ‹afirmar-

49 2919 153 2994 Prisci
175 2922 354 3020 Nepotem
372 2924 490 3008 fuisse,
517 2946 584 2993 non
598 2923 720 2994 Filium
736 2937 818 3013 ,dam
836 2956 877 3010 ty.

92 3092 94 3096 ἱ
367 3021 448 3114 D5
525 3052 529 3059 -
617 3015 899 3098 tDjoJannidmr.
988 3070 993 3081 ,

42 3154 60 3201 a
82 3138 148 3203 thid·
165 3164 187 3207 c.
197 3159 243 3222 39.
261 3141 321 3208 tra.
334 3159 359 3221 ις
376 3160 397 3208 r.
405 3140 456 3217 48·
493 3141 511 3206 b
530 3142 589 3208 riv.
603 3161 626 3207 r.
645 3161 692 3222 49.
738 3178 742 3209 ;
761 3172 763 3176 ’
