2002 3554
260 159 335 263 484
479 156 794 237 H'rsronru'

261 326 337 400 dem
361 349 448 400 anno
464 321 590 398 Consul
612 324 663 394 Τι’.
682 331 889 426 Sempronius
899 332 977 404 Lon·

258 423 714 594 {llllllll‘ul‘zssll
727 425 973 599 Grillius

502 575 513 607 5
722 574 734 608 θ

266 621 373 694 Gallis
388 620 571 692 ceciderint
596 632 621 687 ².
649 616 715 690 Sed
733 551 971 721 anndiequen·

105 719 299 796 A·U·560·te
315 719 450 791 Gallico
467 715 555 788 bello
576 718 677 789 etiam
688 715 915 815 Ligusticum
923 744 970 795 ac·

265 814 379 889 cellit:
405 816 489 888 adeo
514 835 551 887 ut
570 814 707 885 Senatus
726 823 905 889 tumultum
921 822 970 910 effe

264 915 460 986 decerneret
477 911 525 998 ὓς
561 912 596 982 &
625 916 752 983 lummu
775 940 861 988 cura
887 916 968 988 dele·

263 1010 341 1085 erus
370 1031 536 1108 ageretur.
586 1007 712 1082 Consul
743 1014 785 1082 L.
814 1017 968 1085 Corneliae

268 1111 407 1182 Merula
431 1109 580 1180 exercitu
610 1108 644 1178 in
665 1119 787 1204 agrurn'
805 1112 966 1209 Bojorum

266 1206 390 1294 dudio,
415 1207 500 1279 nihil
531 1207 563 1278 se
586 1205 842 1304 opponentibus
868 1207 964 1282 hosti·

266 1303 331 1377 bus
361 1330 438 1377 eum
463 1302 621 1377 vastavit:
648 1302 700 1375 sed
720 1303 806 1377 dum
824 1304 965 1407 regredi·

266 1421 322 1475 tur
338 1403 464 1477 insrdirs
480 1401 656 1475 Gallorum
675 1410 964 1501 exceptusc'ruen·

266 1518 305 1573 to
330 1503 454 1598 praelio
484 1524 562 1572 eum
579 1501 617 1571 iis
632 1498 822 1599 confligere
838 1500 965 1576 coauus

266 1598 313 1670 est
335 1626 345 1688 3
378 1624 446 1694 quo
468 1619 581 1672 tamen
603 1597 752 1693 superior
767 1597 848 1677 fuit.
898 1598 963 1672 Vei

267 1721 362 1782 rum,
386 1695 476 1792 quod
503 1696 631 1793 legatus
647 1699 726 1797 ejus·
737 1699 798 1768 M.
823 1697 964 1768 claudias

267 1795 364 1890 culpa
373 1791 526 1865 Consulis
547 1812 599 1865 tot
621 1793 746 1865 milites
765 1792 858 1867 luille
872 1787 965 1864 amis·

266 1893 336 1982 los,
362 1890 532 1986 vidlolque
554 1895 624 1990 jam
652 1890 787 1983 hostes,
810 1913 893 1964 cum
908 1889 963 1961 de·

267 1990 337 2062 beri
373 1990 577 2089 potuillent,
612 2013 631 2060 e
656 1988 808 2062 manibus
839 1988 963 2063 emissos

266 2089 467 2201 scripsrllet,‘
493 2086 681 2186 triumphus
720 2085 785 2185 ipfi
827 2107 961 2187 negatus

107 2308 244 2453 {Mo
270 2187 347 2379 find
361 2287 427 2360 Xl.
455 2286 551 2399 Hinc
577 2309 677 2383 porro
702 2307 794 2357 arma
808 2283 960 2399 Romana

149 2458 154 2469 ,
272 2408 306 2455 m
331 2385 445 2457 Afiam
471 2409 534 2476 ram
568 2383 742 2470 transsata,
779 2400 962 2482 majoraque

108 2455 376 2605 ssmssmiudies
401 2471 535 2576 lmperii
558 2481 764 2552 incrementa
790 2477 962 2554 enarranda

110 2608 229 2666 horum·
270 2577 496 2667 habebimus,
532 2577 556 2650 fi
575 2579 665 2672 prius
684 2600 790 2674 pauca
806 2578 962 2676 quaedam

110 2677 368 2764 temporumetiam
393 2674 486 2747 domi
518 2677 641 2772 gesta,·
670 2680 880 2771 quaenotari
896 2699 961 2750 me·

268 2796 404 2866 rentur,
440 2772 703 2846 indicaverimus.
752 2770 803 2846 Et
819 2776 965 2868 primum

267 2873 405 2975 quidem
421 2872 523 2947 Anno
539 2871 646 2945 Urbis
659 2877 739 2968 556.
750 2867 817 2944 lata
825 2869 889 2943 fuit
897 2877 965 2940 Lex

886 2973 964 3040 Por·

295 3125 326 3198 ⁸a
343 3110 404 3176 liu.
422 3109 486 3175 ull.
501 3109 574 3183 aad.
587 3109 630 3187 fia
668 3104 686 3168 b
704 3103 769 3170 uad.
788 3107 867 3184 c.56.

48 3066 210 3314 w
