2002 3554
237 125 312 225 aia·
461 120 766 205 Ηιετοιιι1

237 286 350 367 mitius
363 285 519 378 videtur,
549 307 589 362 ut
604 291 646 362 de
655 290 865 389 permutandis
879 295 945 365 cai

228 394 330 491 paa'va's
351 408 432 463 cum
459 386 581 461 Senatu
595 408 708 488 ageret
726 405 772 475 ²,
796 414 835 463 ea
859 391 943 490 lege

236 508 295 573 ut,
309 490 347 577 fi
367 511 427 556 aaa
441 484 623 584 obtinmffet,
646 491 751 576 rursus
767 487 961 588 carthagi-¹

234 590 271 659 ω’
292 583 478 679 sessssem.
528 587 577 658 At
606 585 662 660 ille
688 584 838 659 Romam
855 611 941 664 cum

233 676 419 759 adveniffet
442 683 478 758 in
493 683 652 758 Senatum
666 685 777 771 venit,
803 685 943 779 manda·

236 802 273 857 ta
287 776 460 880 exposuit,
485 779 678 867 sententiam
691 782 869 857 nediceret
880 808 941 856 re·

237 876 365 956 cusavit
382 872 401 939 Β
420 905 430 952 t
449 878 943 978 quandiujarejurandoholiium

238 998 409 1072 tenemur,
433 1003 493 1053 non
508 980 561 1069 effe
568 977 603 1072 se
617 982 799 1050 Senatorem.
849 978 937 1049 Red-

237 1076 311 1148 dm
339 1102 446 1153 tanen
469 1099 605 1177 captiuas
619 1079 754 1174 negavit
769 1079 823 1166 effe
841 1079 939 1148 utile:

238 1179 312 1247 iilos
333 1180 417 1250 enim
439 1176 641 1270 detestanta
664 1181 744 1267 effe,
763 1191 823 1247 0*
849 1173 942 1246 bonos

238 1276 374 1365 Duces,
408 1275 448 1368 se
477 1275 552 1377 jau
581 1274 748 1369 confertim
775 1274 940 1366 fimetiute.

239 1372 340 1465 Quin
372 1373 488 1448 uxoris
521 1394 656 1471 quoque
684 1371 720 1444 δ(
754 1369 940 1444 liberorum

238 1472 351 1549 oscula
364 1470 527 1549 aversatus
534 1470 659 1545 dicitur
676 1487 693 1530 c
711 1521 723 1556 ,
748 1470 874 1566 quippe
881 1470 942 1566 qui

235 1593 317 1649 cum
342 1569 496 1645 libertate
517 1571 620 1649 etiam
644 1567 817 1641 civitatem
842 1563 941 1641 fimui

238 1666 456 1782 perdidiffete
486 1685 520 1739 at
543 1690 587 1737 ue
612 1668 659 1737 ita
688 1689 752 1739 nec
775 1663 941 1738 connubii

232 1788 290 1877 lus
313 1784 394 1838 cum
415 1764 492 1835 cive
552 1785 690 1848 omana;
716 1786 780 1835 nec
797 1764 941 1860 patriam

236 1885 275 1936 tn
289 1857 410 1935 liberos
423 1858 622 1957 potestatem
636 1856 814 1935 obtineret.
842 1862 941 1936 Nam

263 1961 300 2036 ui
316 1956 406 2034 beno
420 1959 511 2056 capti
528 1959 563 2030 in
578 1958 724 2032 hostium
738 1979 941 2056 etantpote·

288 2080 343 2150 te,
367 2081 486 2132 eorum
501 2056 635 2133 libertas
650 2058 831 2157 civitasque
846 2059 882 2130 in
889 2058 942 2130 su·

236 2156 354 2257 [penso
374 2156 437 2232 effe
464 2157 666 2231 videbatur:
699 2158 778 2229 licet
802 2176 942 2252 propter

231 2264 288 2360 jas
307 2257 488 2355 pqitt'miaa'a'
507 2280 546 2328 ea
569 2253 708 2329 amififfe
737 2278 805 2326 non
821 2253 941 2326 crede-

236 2375 367 2428 tentur.
393 2352 486 2426 Cum
503 2355 607 2453 igitur
619 2354 757 2450 nuptiae
771 2349 831 2422 nifi
850 2352 939 2424 inter

237 2453 330 2525 cives
341 2452 494 2549 legitime
509 2451 686 2525 confistere
702 2474 769 2523 non
788 2448 942 2546 possent,

236 2544 277 2621 &
305 2550 354 2639 jus
378 2551 503 2645 patriae
527 2549 697 2646 potestatis
720 2549 848 2623 civium
866 2569 941 2622 tan·

236 2664 313 2720 tum
340 2642 580 2720 Romanorum
600 2648 710 2737 esset,
741 2648 866 2720 merito
880 2672 939 2720 ne·

235 2766 303 2847 que
326 2769 471 2819 uxorem
500 2744 576 2846 lege
599 2745 721 2819 habere
744 2746 795 2827 se,
828 2769 940 2843 neque

819 2842 942 2917 liberos

274 3010 364 3068 acte.
388 3004 460 3081 offic.
474 3012 524 3065 nt.
539 3003 586 3068 26.
598 3003 641 3084 fif.
682 3003 702 3065 b
720 3004 774 3064 cic.
793 3001 857 3063 thid.
884 3001 941 3062 vict.

233 3084 310 3142 m&
326 3097 371 3158 pao
383 3094 451 3142 Sext.
465 3101 486 3140 t.
498 3083 680 3159 znodtfin.
687 3091 723 3147 11.
730 3100 778 3146 20.
814 3097 832 3142 c
851 3089 945 3147 Horat.

53 3178 97 3327 x
228 3158 283 3229 Ol·
301 3166 403 3229 ΜΠ.
418 3158 603 3236 osta-at,
