2002 3554
158 114 312 196 Rarruu.
338 118 496 193 Ronnrt.
519 116 605 194 Lru.
618 122 647 195 1.
710 119 757 201 61

59 288 129 384 ejus
159 282 304 356 orationi
329 280 532 376 responsurus
547 300 589 370 ²,
623 285 760 362 interim

55 384 191 456 ‘curavit
208 432 220 469 ‚
244 397 284 451 ut
302 403 361 475 per
374 379 481 450 servos
496 379 605 451 Turni
619 407 760 484 corrup·

57 500 115 553 tos
130 478 233 550 nodtu
250 500 370 574 magna
383 477 431 548 vis
447 500 615 551 armorum
638 482 673 551 in
689 487 760 580 eius

60 576 280 649 diversorium
298 573 491 665 inferretur:
508 573 574 672 ipse
589 598 671 648 vero
685 579 760 651 luce

51 694 136 745 -orta
152 675 187 744 in
204 672 368 765 concione
383 672 542 746 infidiasa
558 673 682 747 Turno
690 673 761 748 La*-

56 773 206 855 tinorum
217 773 399 869 praecipuis
415 769 647 844 struuasfuire
657 772 757 866 dixit,

46 866 157 942 simul
172 869 341 959 hortatus,
368 881 404 942 ut
422 869 596 940 mitterent
614 872 670 965 qui
680 871 758 943 hos·

55 968 187 1064 pitium·
198 965 431 1044 scrutarentur.
482 962 524 1036 N
527 989 564 1036 ec
582 968 648 1062 ipse
664 965 758 1038 Tur·

55 1081 121 1135 nus
137 1063 329 1135 infidiarum
344 1064 475 1157 ignarus
488 1062 522 1132 id
538 1062 672 1136 abnuit:
693 1064 759 1138 Sed

46 1157 224 1237 ¹armisibi
251 1156 393 1229 inventis
407 1158 461 1227 ille
478 1157 613 1252 quidem
627 1181 761 1237 necatus

32 1310 34 1317 -
52 1254 127 1347 est,
138 1255 343 1350 Tarquinius
358 1279 440 1328 vero
456 1255 558 1326 totius
576 1252 761 1329 Latinino·

58 1356 158 1428 minis
175 1355 335 1448 Princeps
351 1372 478 1425 creatus
493 1353 567 1424 fuit.
613 1355 668 1426 Ad
683 1379 762 1427 ean·
834 1379 839 1388 ·

51 1449 135 1532 ¹dem
172 1463 255 1524 mox
282 1449 474 1524 societatem
509 1457 686 1542 Hernicos,
723 1451 762 1527 δί

49 1546 217 1643 quosdam
233 1572 277 1621 ex
294 1546 422 1622 Volscis
438 1549 576 1644 pellexit
593 1580 603 1622 ε
619 1550 692 1640 dt,
705 1571 758 1625 ,ut

57 1644 196 1744 fingulis
219 1649 309 1719 annis
334 1646 503 1718 indicente
520 1649 756 1723 Romanorum

57 1743 162 1842 Rege
189 1743 417 1816 omnesssLatii
436 1747 555 1842 'populi
581 1748 616 1819 in
641 1767 756 1821 monte

54 1841 190 1917 Albano
202 1839 398 1914 sacrificium
418 1866 597 1916 commune
617 1844 654 1916 δε
674 1870 755 1942 epu·

56 1938 103 2010 las
126 1939 329 2012 celebrarent
361 1945 466 2035 (quac
491 1941 604 2013 Feriae
628 1943 755 2013 Latinae

57 2034 138 2112 sunt
155 2035 284 2123 didtae)
309 2036 483 2108 constituit
504 2065 512 2108 :
548 2062 615 2132 qua
630 2040 757 2108 ratione

55 2133 202 2214 Romam
221 2133 315 2206 Latii
341 2151 442 2224 caput
465 2130 531 2202 else
556 2132 732 2203 declaravit
745 2158 757 2218 ς

57 2251 97 2306 ut
120 2233 184 2324 iam
199 2252 295 2303 antea
310 2229 410 2301 etiam
429 2226 564 2300 Tullius
579 2227 710 2301 fecerat.
733 2235 734 2239 ’
866 2288 870 2314 2

51 2387 54 2390 .
80 2407 82 2411 ‚
106 2346 135 2410 ς.
152 2329 201 2400 ΙΙ;
235 2329 286 2404 lta
302 2327 428 2399 firmata
445 2327 596 2422 potentia
613 2326 755 2404 Suessam
767 2312 797 2446 J
810 2325 843 2448 Σὲ
858 2315 914 2446 Βίι·

57 2425 249 2499 Pometiam
265 2426 466 2502 Volscorum
484 2423 612 2499 Urbem
622 2434 706 2502 'cum
718 2446 754 2503 o·
768 2410 828 2544 {eg}
839 2410 914 2543 3452}

57 2522 152 2618 pima
177 2522 301 2618 praeda>
321 2524 412 2620 cepit
428 2520 462 2595 b:
498 2526 597 2621 atque
621 2550 664 2599 ex
690 2527 757 2602 istis

59 2618 224 2697 manubiis
238 2621 348 2720 postea
360 2620 524 2716 templum
535 2623 758 2722 magnificen-

57 2712 243 2809 tiffimum,
277 2718 369 2816 quod
380 2721 450 2814 jam
471 2718 599 2793 Priscus
619 2722 756 2794 inchoa·

56 2831 180 2904 verat,
218 2819 326 2912 lovi,
365 2816 491 2912 Junoni
514 2814 758 2902 &Minervae

56 2910 178 2985 struxit
185 2935 199 3001 ς
225 2910 316 3012 quod
340 2912 520 3012 Capitolium
538 2909 665 2983 dissum
689 2912 757 3000 estg

587 3080 613 3095 .,
690 3034 759 3086 non

52 3143 70 3204 ,ι
90 3128 161 3200 ibid(
173 3127 195 3201 ι’,
204 3141 253 3212 47.
291 3109 310 3194 Β
328 3132 406 3197 Dian.
420 3105 482 3235 llas.
496 3148 539 3206 tr.
557 3154 579 3198 a
596 3151 641 3211 ros
