2002 3554
14 86 32 223 ‚r
114 151 276 227 Remus.
302 147 464 228 Romam.
488 112 570 236 Lu.
581 152 626 228 11.
648 264 650 269 Ι
678 148 752 254 37?

52 311 176 388 scilicet
208 312 411 386 Siciliensem
434 310 470 383 ὅτ
500 339 592 388 oram
609 317 747 394 'maritis

13 492 16 499 ,
52 434 143 484 mam
160 410 307 483 obtinuit
326 427 342 470 ²
364 435 376 498 3
400 431 436 481 ut
452 412 746 512 consulatusnega·

53 509 101 593 ti,
127 505 209 580 sicut
227 528 328 606 puto,
353 506 503 594 solatium
521 508 663 582 haberet.
696 511 745 585 Et

21 647 26 655 ·
56 604 216 676 habemus
242 607 277 676 in
306 607 372 678 hoc
390 604 482 679 Fabii
497 604 585 695 fastu
599 611 747 707 egregiam

55 704 195 770 invidiae
218 702 253 773 ob
280 701 474 804 Reipublicae
495 707 659 785 utilitatem
671 728 746 774 cun·

56 821 182 897 temptas
199 805 384 899 exemplum
410 801 594 898 quodcum
612 801 643 874 se
658 797 749 874 haud

55 895 157 969 dubie
171 897 337 970 summum
358 900 597 993 Imperatorem
611 896 749 973 eliesci·

33 1013 125 1081 stet,
150 1019 284 1093 operam
312 995 533 1091 Reipublicae
548 1020 669 1095 negate
684 1018 751 1065 no·

55 1091 169 1162 luerit.
219 1090 418 1165 Consulibus
439 1092 601 1166 ambobus
622 1092 749 1166 bellum
853 1097 856 1101 ’

55 1212 135 1260 cum
156 1190 340 1261 Hannibale
350 1190 593 1276 decretumest,
619 1188 753 1261 &duo-

56 1284 225 1383 deviginti
247 1283 432 1382 legionibus
457 1288 489 1359 id
521 1290 594 1385 geri
611 1285 750 1383 placuit.

56 1370 133 1472 Fit,
163 1382 187 1455 fi
214 1405 357 1480 quatuor
371 1384 471 1457 millia
488 1391 618 1457 tautum
634 1383 671 1461 ἃ
687 1380 750 1452 du·

58 1498 173 1552 centos
197 1481 231 1551 in
255 1482 387 1578 legione
402 1480 606 1568 scribamus,
631 1501 749 1552 nume·

57 1599 115 1648 rus
137 1574 342 1675 septuaginta
367 1578 507 1650 millium
523 1580 561 1651 &
576 1579 751 1678 sescento·

57 1695 158 1745 rum:
184 1675 321 1771 quibus,
352 1673 377 1747 fi
401 1677 538 1772 alterum
552 1682 681 1750 tantum
698 1669 749 1744 so·

57 1772 206 1858 ciorum,
232 1773 334 1844 millia
360 1774 484 1846 scilicet
499 1796 635 1848 centum
652 1773 750 1871 quin·

58 1873 217 1965 quaginta
240 1869 277 1941 δε
300 1894 424 1956 unum,
453 1871 489 1942 ὅ(
505 1893 672 1969 praeterea
689 1869 754 1941 du·

61 1987 177 2037 centos
201 1965 356 2037 addamus
373 1991 451 2037 cum
468 1968 626 2063 legitimo
640 1965 698 2037 suo
717 1987 751 2034 e·
801 1971 804 1976 ’

61 2063 191 2154 quitatu
214 2063 291 2156 (qui
313 2063 347 2131 in
364 2062 550 2132 universum
565 2063 666 2145 suetit
679 2059 751 2129 sex·

60 2157 170 2229 decim
194 2157 336 2228 millium
352 2155 388 2228 &
403 2155 648 2242 ducentorum)
666 2156 755 2248 siem·

62 2281 112 2325 ma
127 2256 316 2347 summarum
343 2253 361 2311 b
387 2254 451 2324 etit
475 2252 696 2326 ducentorum
720 2249 756 2321 ὃ(

26 2363 30 2369 ’
62 2352 277 2449 quadraginta
307 2349 408 2423 trium
437 2351 592 2423 millium.
640 2343 756 2419 Clasi'ts

62 2469 172 2521 autem
196 2449 288 2521 sociis
305 2449 470 2520 navalibus
487 2449 614 2546 privata
622 2448 754 2540 impen-

62 2548 93 2620 sa
111 2549 228 2641 paratis
243 2545 410 2642 completa
423 2546 484 2616 est.
520 2541 687 2616 Hannibal
702 2544 755 2614 in·

65 2645 162 2715 terim
188 2642 316 2715 Nolam
333 2642 454 2713 iterum
468 2642 586 2716 frustra
606 2661 714 2716 tentat
737 2655 754 2698 Ε

66 2760 263 2836 praeventus
285 2739 485 2811 aMarcello
507 2738 673 2824 consule,
696 2737 756 2830 qui

65 2837 187 2910 milites
207 2861 268 2924 eo,
293 2833 490 2933 praesidium
508 2836 663 2918 Senatui,
690 2833 754 2902 mi·

351 2934 411 3005 Aa
439 2954 453 3028 5
665 2926 758 3000 serat.
860 2932 863 2938 ’

105 3088 120 3130 a
139 3073 203 3137 illu.
224 3094 244 3131 t.
259 3090 302 3131 10.
345 3072 363 3130 b
383 3080 424 3129 lta
443 3069 553 3146 loquitur
567 3077 622 3126 ειη.
634 3065 697 3144 epist.
710 3083 759 3140 40.

59 3150 128 3219 sau
142 3149 197 3227 quis
208 3149 346 3233 sarlatum
354 3160 435 3228 putat.
472 3163 490 3210 c
509 3147 575 3231 Lim
591 3144 631 3213 u.
648 3159 728 3223 m.
