<?xml version="1.0" encoding="UTF-8"?>
<!DOCTYPE html PUBLIC "-//W3C//DTD XHTML 1.0 Transitional//EN"
    "http://www.w3.org/TR/xhtml1/DTD/xhtml1-transitional.dtd">
<html xmlns="http://www.w3.org/1999/xhtml" xml:lang="en" lang="en">
 <head>
  <title>
</title>
<meta http-equiv="Content-Type" content="text/html;charset=utf-8" />
  <meta name='ocr-system' content='tesseract 3.04.00' />
  <meta name='ocr-capabilities' content='ocr_page ocr_carea ocr_par ocr_line ocrx_word'/>
</head>
<body>
  <div class='ocr_page' id='page_1' title='image "./historiareipubl00nieugoog/historiareipubl00nieugoog_0139.png"; bbox 0 0 2002 3554; ppageno 0'>
   <div class='ocr_carea' id='block_1_1' title="bbox 241 140 770 246">
    <p class='ocr_par' dir='ltr' id='par_1_1' title="bbox 241 124 864 246">
     <span class='ocr_line' id='line_1_1' title="bbox 241 140 770 246; baseline -0.005 -29"><span class='ocrx_word' id='word_1_1' title='bbox 241 149 302 246; x_wconf 62' lang='lat'>‘48</span> <span class='ocrx_word' id='word_1_2' title='bbox 364 146 380 215; x_wconf 77' lang='grc'>.’</span> <span class='ocrx_word' id='word_1_3' title='bbox 461 140 770 219; x_wconf 67' lang='lat' dir='ltr'>Htsaontu-</span> 
     </span>
    </p>
   </div>
   <div class='ocr_carea' id='block_1_2' title="bbox 98 293 976 2749">
    <p class='ocr_par' dir='ltr' id='par_1_2' title="bbox 98 293 976 2749">
     <span class='ocr_line' id='line_1_2' title="bbox 256 293 957 406; baseline -0.011 -24"><span class='ocrx_word' id='word_1_4' title='bbox 256 358 280 403; x_wconf 88' lang='lat'>‚,</span> <span class='ocrx_word' id='word_1_5' title='bbox 305 311 358 382; x_wconf 88' lang='lat' dir='ltr'>nia</span> <span class='ocrx_word' id='word_1_6' title='bbox 380 305 585 406; x_wconf 73' lang='lat' dir='ltr'>plebeiorum</span> <span class='ocrx_word' id='word_1_7' title='bbox 608 305 737 380; x_wconf 88' lang='lat' dir='ltr'>civium</span> <span class='ocrx_word' id='word_1_8' title='bbox 761 301 873 376; x_wconf 89' lang='lat' dir='ltr'>munia</span> <span class='ocrx_word' id='word_1_9' title='bbox 896 293 957 375; x_wconf 50' lang='lat' dir='ltr'>ad&amp;</span> 
     </span>
     <span class='ocr_line' id='line_1_3' title="bbox 255 401 959 500; baseline -0.011 -20"><span class='ocrx_word' id='word_1_10' title='bbox 255 458 279 498; x_wconf 87' lang='lat'>„</span> <span class='ocrx_word' id='word_1_11' title='bbox 304 409 527 480; x_wconf 84' lang='lat' dir='ltr'>mitterentur.</span> <span class='ocrx_word' id='word_1_12' title='bbox 575 401 671 476; x_wconf 90' lang='lat' dir='ltr'>Nam</span> <span class='ocrx_word' id='word_1_13' title='bbox 688 402 725 474; x_wconf 71' lang='grc' dir='ltr'>δι</span> <span class='ocrx_word' id='word_1_14' title='bbox 742 402 800 475; x_wconf 90' lang='lat' dir='ltr'>hic</span> <span class='ocrx_word' id='word_1_15' title='bbox 816 403 959 500; x_wconf 89' lang='lat' dir='ltr'>virpru·</span> 
     </span>
     <span class='ocr_line' id='line_1_4' title="bbox 125 497 958 597; baseline -0.011 -18"><span class='ocrx_word' id='word_1_16' title='bbox 125 567 141 589; x_wconf 63' lang='grc'>,,</span> <span class='ocrx_word' id='word_1_17' title='bbox 255 503 336 577; x_wconf 85' lang='lat' dir='ltr'>dens</span> <span class='ocrx_word' id='word_1_18' title='bbox 354 522 521 594; x_wconf 86' lang='lat' dir='ltr'>noverat,</span> <span class='ocrx_word' id='word_1_19' title='bbox 552 501 635 574; x_wconf 90' lang='lat' dir='ltr'>nihil</span> <span class='ocrx_word' id='word_1_20' title='bbox 661 500 879 597; x_wconf 83' lang='lat' dir='ltr'>Reipublicae</span> <span class='ocrx_word' id='word_1_21' title='bbox 894 497 958 571; x_wconf 84' lang='lat' dir='ltr'>else</span> 
     </span>
     <span class='ocr_line' id='line_1_5' title="bbox 253 598 957 696; baseline -0.007 -21"><span class='ocrx_word' id='word_1_22' title='bbox 253 602 407 689; x_wconf 72' lang='lat' dir='ltr'>ut&#39;iliust,</span> <span class='ocrx_word' id='word_1_23' title='bbox 433 624 531 696; x_wconf 82' lang='lat' dir='ltr'>quam</span> <span class='ocrx_word' id='word_1_24' title='bbox 548 598 796 671; x_wconf 85' lang='lat' dir='ltr'>multitudinem</span> <span class='ocrx_word' id='word_1_25' title='bbox 814 599 957 689; x_wconf 76' lang='lat' dir='ltr'>civium,</span> 
     </span>
     <span class='ocr_line' id='line_1_6' title="bbox 254 697 976 797; baseline -0.007 -26"><span class='ocrx_word' id='word_1_26' title='bbox 254 700 312 771; x_wconf 86' lang='lat' dir='ltr'>De</span> <span class='ocrx_word' id='word_1_27' title='bbox 327 699 488 771; x_wconf 69' lang='lat' dir='ltr'>foenore:</span> <span class='ocrx_word' id='word_1_28' title='bbox 521 748 545 789; x_wconf 85' lang='lat'>‚,</span> <span class='ocrx_word' id='word_1_29' title='bbox 559 720 601 769; x_wconf 87' lang='lat' dir='ltr'>ne</span> <span class='ocrx_word' id='word_1_30' title='bbox 627 697 700 794; x_wconf 90' lang='lat' dir='ltr'>quis</span> <span class='ocrx_word' id='word_1_31' title='bbox 725 717 864 797; x_wconf 88' lang='lat' dir='ltr'>propter</span> <span class='ocrx_word' id='word_1_32' title='bbox 881 698 976 768; x_wconf 63' lang='lat' dir='ltr'>foe·</span> 
     </span>
     <span class='ocr_line' id='line_1_7' title="bbox 255 791 958 884; baseline -0.007 -17"><span class='ocrx_word' id='word_1_33' title='bbox 255 819 283 884; x_wconf 67' lang='grc'>,’,</span> <span class='ocrx_word' id='word_1_34' title='bbox 307 820 368 867; x_wconf 91' lang='lat' dir='ltr'>nus</span> <span class='ocrx_word' id='word_1_35' title='bbox 381 795 533 871; x_wconf 88' lang='lat' dir='ltr'>debitum</span> <span class='ocrx_word' id='word_1_36' title='bbox 550 797 584 867; x_wconf 93' lang='lat' dir='ltr'>in</span> <span class='ocrx_word' id='word_1_37' title='bbox 598 791 958 867; x_wconf 80' lang='lat' dir='ltr'>vinculaducereturb:</span> 
     </span>
     <span class='ocr_line' id='line_1_8' title="bbox 255 890 957 987; baseline -0.004 -23"><span class='ocrx_word' id='word_1_38' title='bbox 255 943 279 984; x_wconf 91' lang='lat'><strong>„</strong></span> <span class='ocrx_word' id='word_1_39' title='bbox 303 917 389 965; x_wconf 88' lang='lat' dir='ltr'>neve</span> <span class='ocrx_word' id='word_1_40' title='bbox 398 892 656 966; x_wconf 84' lang='lat' dir='ltr'>foeneratoribus</span> <span class='ocrx_word' id='word_1_41' title='bbox 669 895 717 987; x_wconf 79' lang='lat' dir='ltr'>jus</span> <span class='ocrx_word' id='word_1_42' title='bbox 732 893 811 965; x_wconf 84' lang='lat' dir='ltr'>ellet</span> <span class='ocrx_word' id='word_1_43' title='bbox 825 890 957 963; x_wconf 90' lang='lat' dir='ltr'>inlibe-</span> 
     </span>
     <span class='ocr_line' id='line_1_9' title="bbox 254 978 956 1087; baseline -0.009 -23"><span class='ocrx_word' id='word_1_44' title='bbox 254 1039 280 1082; x_wconf 86' lang='lat'>‚,</span> <span class='ocrx_word' id='word_1_45' title='bbox 305 1016 340 1064; x_wconf 86' lang='lat' dir='ltr'>ta</span> <span class='ocrx_word' id='word_1_46' title='bbox 360 1015 521 1087; x_wconf 86' lang='lat' dir='ltr'>corpora,</span> <span class='ocrx_word' id='word_1_47' title='bbox 555 990 607 1063; x_wconf 90' lang='lat' dir='ltr'>sed</span> <span class='ocrx_word' id='word_1_48' title='bbox 623 978 782 1063; x_wconf 80' lang='lat' dir='ltr'>debitoris</span> <span class='ocrx_word' id='word_1_49' title='bbox 801 986 956 1062; x_wconf 87' lang='lat' dir='ltr'>contenti</span> 
     </span>
     <span class='ocr_line' id='line_1_10' title="bbox 245 1086 954 1184; baseline -0.006 -24"><span class='ocrx_word' id='word_1_50' title='bbox 245 1118 283 1182; x_wconf 48' lang='lat'>’‚,</span> <span class='ocrx_word' id='word_1_51' title='bbox 305 1089 408 1160; x_wconf 86' lang='lat' dir='ltr'>essent</span> <span class='ocrx_word' id='word_1_52' title='bbox 423 1088 675 1180; x_wconf 64' lang='lat' dir='ltr'>facultatibus„</span> <span class='ocrx_word' id='word_1_53' title='bbox 709 1090 766 1162; x_wconf 89' lang='lat' dir='ltr'>De</span> <span class='ocrx_word' id='word_1_54' title='bbox 775 1086 911 1184; x_wconf 88' lang='lat' dir='ltr'>judiciis</span> <span class='ocrx_word' id='word_1_55' title='bbox 919 1102 954 1156; x_wconf 72' lang='lat' dir='ltr'>tr</span> 
     </span>
     <span class='ocr_line' id='line_1_11' title="bbox 253 1181 955 1284; baseline -0.001 -25"><span class='ocrx_word' id='word_1_56' title='bbox 253 1237 279 1275; x_wconf 84' lang='lat'>‚‚</span> <span class='ocrx_word' id='word_1_57' title='bbox 305 1206 348 1259; x_wconf 84' lang='lat' dir='ltr'>ut</span> <span class='ocrx_word' id='word_1_58' title='bbox 369 1185 436 1284; x_wconf 85' lang='lat' dir='ltr'>ipse</span> <span class='ocrx_word' id='word_1_59' title='bbox 468 1186 603 1283; x_wconf 87' lang='lat' dir='ltr'>quidem</span> <span class='ocrx_word' id='word_1_60' title='bbox 626 1187 668 1258; x_wconf 93' lang='lat' dir='ltr'>de</span> <span class='ocrx_word' id='word_1_61' title='bbox 695 1185 891 1258; x_wconf 88' lang='lat' dir='ltr'>criminibus</span> <span class='ocrx_word' id='word_1_62' title='bbox 913 1181 955 1258; x_wconf 88' lang='lat' dir='ltr'>ad</span> 
     </span>
     <span class='ocr_line' id='line_1_12' title="bbox 254 1281 956 1383; baseline -0.006 -24"><span class='ocrx_word' id='word_1_63' title='bbox 254 1336 280 1378; x_wconf 86' lang='lat'>‚,</span> <span class='ocrx_word' id='word_1_64' title='bbox 304 1283 566 1383; x_wconf 89' lang='lat' dir='ltr'>Rempublicam</span> <span class='ocrx_word' id='word_1_65' title='bbox 600 1281 840 1382; x_wconf 82' lang='lat' dir='ltr'>pertinentibus</span> <span class='ocrx_word' id='word_1_66' title='bbox 869 1305 956 1380; x_wconf 81' lang='lat' dir='ltr'>cog·</span> 
     </span>
     <span class='ocr_line' id='line_1_13' title="bbox 256 1379 955 1479; baseline -0.004 -24"><span class='ocrx_word' id='word_1_67' title='bbox 256 1436 282 1477; x_wconf 88' lang='lat'>„</span> <span class='ocrx_word' id='word_1_68' title='bbox 306 1383 472 1455; x_wconf 85' lang='lat' dir='ltr'>nosceret:</span> <span class='ocrx_word' id='word_1_69' title='bbox 498 1379 751 1476; x_wconf 82' lang='lat' dir='ltr'>privatascausas</span> <span class='ocrx_word' id='word_1_70' title='bbox 768 1381 955 1479; x_wconf 69' lang='lat' dir='ltr'>privatifju·</span> 
     </span>
     <span class='ocr_line' id='line_1_14' title="bbox 204 1476 955 1578; baseline 0.003 -30"><span class='ocrx_word' id='word_1_71' title='bbox 204 1543 206 1548; x_wconf 89' lang='lat'><em>.</em></span> <span class='ocrx_word' id='word_1_72' title='bbox 255 1533 282 1574; x_wconf 88' lang='lat'>‚‚</span> <span class='ocrx_word' id='word_1_73' title='bbox 309 1483 398 1552; x_wconf 91' lang='lat' dir='ltr'>dices</span> <span class='ocrx_word' id='word_1_74' title='bbox 416 1481 514 1573; x_wconf 83' lang='lat' dir='ltr'>juxta</span> <span class='ocrx_word' id='word_1_75' title='bbox 536 1476 627 1578; x_wconf 88' lang='lat' dir='ltr'>leges</span> <span class='ocrx_word' id='word_1_76' title='bbox 644 1504 663 1551; x_wconf 87' lang='lat' dir='ltr'>a</span> <span class='ocrx_word' id='word_1_77' title='bbox 678 1479 709 1550; x_wconf 82' lang='lat' dir='ltr'>se&#39;</span> <span class='ocrx_word' id='word_1_78' title='bbox 727 1479 807 1551; x_wconf 86' lang='lat' dir='ltr'>latas</span> <span class='ocrx_word' id='word_1_79' title='bbox 831 1478 955 1572; x_wconf 76' lang='lat' dir='ltr'>judica·</span> 
     </span>
     <span class='ocr_line' id='line_1_15' title="bbox 253 1574 957 1677; baseline 0.003 -29"><span class='ocrx_word' id='word_1_80' title='bbox 253 1628 280 1670; x_wconf 83' lang='lat'>‚‚</span> <span class='ocrx_word' id='word_1_81' title='bbox 304 1599 423 1662; x_wconf 75' lang='lat' dir='ltr'>tenu„</span> <span class='ocrx_word' id='word_1_82' title='bbox 472 1574 583 1672; x_wconf 85' lang='lat' dir='ltr'>Leges</span> <span class='ocrx_word' id='word_1_83' title='bbox 603 1597 770 1672; x_wconf 87' lang='lat' dir='ltr'>praeterea</span> <span class='ocrx_word' id='word_1_84' title='bbox 793 1577 957 1677; x_wconf 84' lang='lat' dir='ltr'>quinqua·</span> 
     </span>
     <span class='ocr_line' id='line_1_16' title="bbox 254 1671 956 1774; baseline 0.007 -30"><span class='ocrx_word' id='word_1_85' title='bbox 254 1678 413 1774; x_wconf 82' lang='lat' dir='ltr'>quaginta</span> <span class='ocrx_word' id='word_1_86' title='bbox 427 1671 471 1743; x_wconf 89' lang='lat' dir='ltr'>de</span> <span class='ocrx_word' id='word_1_87' title='bbox 486 1673 710 1747; x_wconf 63' lang='lat' dir='ltr'>contradibus</span> <span class='ocrx_word' id='word_1_88' title='bbox 719 1673 892 1773; x_wconf 85' lang='lat' dir='ltr'>&amp;injuriis</span> <span class='ocrx_word' id='word_1_89' title='bbox 900 1696 956 1748; x_wconf 79' lang='lat' dir='ltr'>tu·</span> 
     </span>
     <span class='ocr_line' id='line_1_17' title="bbox 254 1771 955 1873; baseline 0.004 -29"><span class='ocrx_word' id='word_1_90' title='bbox 254 1773 336 1844; x_wconf 89' lang='lat' dir='ltr'>lerat</span> <span class='ocrx_word' id='word_1_91' title='bbox 350 1777 388 1863; x_wconf 86' lang='lat' dir='ltr'>d,</span> <span class='ocrx_word' id='word_1_92' title='bbox 420 1794 498 1867; x_wconf 87' lang='lat' dir='ltr'>quas</span> <span class='ocrx_word' id='word_1_93' title='bbox 521 1771 583 1844; x_wconf 82' lang='lat' dir='ltr'>hic</span> <span class='ocrx_word' id='word_1_94' title='bbox 600 1771 767 1846; x_wconf 87' lang='lat' dir='ltr'>recensere</span> <span class='ocrx_word' id='word_1_95' title='bbox 786 1795 856 1844; x_wconf 92' lang='lat' dir='ltr'>non</span> <span class='ocrx_word' id='word_1_96' title='bbox 877 1774 955 1873; x_wconf 88' lang='lat' dir='ltr'>pos·</span> 
     </span>
     <span class='ocr_line' id='line_1_18' title="bbox 102 1868 877 1955; baseline -0.001 -16"><span class='ocrx_word' id='word_1_97' title='bbox 102 1869 376 1955; x_wconf 60' lang='lat' dir='ltr'>§famu-sumus.</span> <span class='ocrx_word' id='word_1_98' title='bbox 419 1945 423 1950; x_wconf 69' lang='grc'><strong>,</strong></span> <span class='ocrx_word' id='word_1_99' title='bbox 870 1868 877 1878; x_wconf 74' lang='grc'><em>’</em></span> 
     </span>
     <span class='ocr_line' id='line_1_19' title="bbox 100 1963 956 2082; baseline 0.002 -42"><span class='ocrx_word' id='word_1_100' title='bbox 100 1963 246 2082; x_wconf 47' lang='lat' dir='ltr'>{¹:222ssss</span> <span class='ocrx_word' id='word_1_101' title='bbox 305 1980 333 2055; x_wconf 88' lang='lat'>§.</span> <span class='ocrx_word' id='word_1_102' title='bbox 354 1968 423 2041; x_wconf 91' lang='lat' dir='ltr'>lV.</span> <span class='ocrx_word' id='word_1_103' title='bbox 437 1966 541 2039; x_wconf 87' lang='lat' dir='ltr'>·Cum</span> <span class='ocrx_word' id='word_1_104' title='bbox 558 1970 604 2041; x_wconf 87' lang='lat' dir='ltr'>ita</span> <span class='ocrx_word' id='word_1_105' title='bbox 621 1971 684 2065; x_wconf 75' lang='lat' dir='ltr'>jam</span> <span class='ocrx_word' id='word_1_106' title='bbox 705 1968 831 2067; x_wconf 85' lang='lat' dir='ltr'>legibus</span> <span class='ocrx_word' id='word_1_107' title='bbox 844 1968 956 2042; x_wconf 86' lang='lat' dir='ltr'>Rem·</span> 
     </span>
     <span class='ocr_line' id='line_1_20' title="bbox 98 2065 956 2167; baseline 0 -26"><span class='ocrx_word' id='word_1_108' title='bbox 98 2096 178 2166; x_wconf 67' lang='lat' dir='ltr'>ratior</span> <span class='ocrx_word' id='word_1_109' title='bbox 258 2066 426 2167; x_wconf 86' lang='lat' dir='ltr'>publicam</span> <span class='ocrx_word' id='word_1_110' title='bbox 438 2065 653 2140; x_wconf 70' lang='lat' dir='ltr'>constituisslet</span> <span class='ocrx_word' id='word_1_111' title='bbox 667 2091 814 2140; x_wconf 88' lang='lat' dir='ltr'>rumores</span> <span class='ocrx_word' id='word_1_112' title='bbox 829 2065 956 2164; x_wconf 64' lang='lat' dir='ltr'>sparsa,</span> 
     </span>
     <span class='ocr_line' id='line_1_21' title="bbox 257 2162 956 2263; baseline -0.003 -24"><span class='ocrx_word' id='word_1_113' title='bbox 257 2165 347 2262; x_wconf 80' lang='lat' dir='ltr'>quasa</span> <span class='ocrx_word' id='word_1_114' title='bbox 376 2165 508 2263; x_wconf 85' lang='lat' dir='ltr'>patricii</span> <span class='ocrx_word' id='word_1_115' title='bbox 540 2162 599 2237; x_wconf 88' lang='lat' dir='ltr'>fibi</span> <span class='ocrx_word' id='word_1_116' title='bbox 628 2163 881 2252; x_wconf 85' lang='lat' dir='ltr'>infidiarentur,</span> <span class='ocrx_word' id='word_1_117' title='bbox 917 2165 956 2237; x_wconf 75' lang='lat' dir='ltr'>dt</span> 
     </span>
     <span class='ocr_line' id='line_1_22' title="bbox 257 2262 956 2338; baseline -0.003 -3"><span class='ocrx_word' id='word_1_118' title='bbox 257 2263 436 2337; x_wconf 86' lang='lat' dir='ltr'>sordidatus</span> <span class='ocrx_word' id='word_1_119' title='bbox 450 2286 528 2333; x_wconf 91' lang='lat' dir='ltr'>cum</span> <span class='ocrx_word' id='word_1_120' title='bbox 548 2262 609 2336; x_wconf 89' lang='lat' dir='ltr'>suis</span> <span class='ocrx_word' id='word_1_121' title='bbox 625 2263 658 2334; x_wconf 92' lang='lat' dir='ltr'>in</span> <span class='ocrx_word' id='word_1_122' title='bbox 675 2265 873 2338; x_wconf 86' lang='lat' dir='ltr'>concionem</span> <span class='ocrx_word' id='word_1_123' title='bbox 894 2262 956 2334; x_wconf 89' lang='lat' dir='ltr'>ad-</span> 
     </span>
     <span class='ocr_line' id='line_1_23' title="bbox 255 2358 955 2454; baseline -0.001 -21"><span class='ocrx_word' id='word_1_124' title='bbox 255 2358 955 2454; x_wconf 84' lang='lat' dir='ltr'>scendit,Reipublicaeadministrationem</span> 
     </span>
     <span class='ocr_line' id='line_1_24' title="bbox 256 2455 956 2554; baseline 0.006 -26"><span class='ocrx_word' id='word_1_125' title='bbox 256 2458 423 2554; x_wconf 87' lang='lat' dir='ltr'>deponere</span> <span class='ocrx_word' id='word_1_126' title='bbox 437 2455 467 2525; x_wconf 89' lang='lat' dir='ltr'>se</span> <span class='ocrx_word' id='word_1_127' title='bbox 481 2456 564 2527; x_wconf 89' lang='lat' dir='ltr'>velle</span> <span class='ocrx_word' id='word_1_128' title='bbox 580 2457 731 2533; x_wconf 73' lang='lat' dir='ltr'>simulans</span> <span class='ocrx_word' id='word_1_129' title='bbox 751 2478 791 2530; x_wconf 77' lang='lat' dir='ltr'>e:</span> <span class='ocrx_word' id='word_1_130' title='bbox 816 2476 850 2528; x_wconf 81' lang='lat' dir='ltr'>at</span> <span class='ocrx_word' id='word_1_131' title='bbox 873 2481 956 2532; x_wconf 91' lang='lat' dir='ltr'>cum</span> 
     </span>
     <span class='ocr_line' id='line_1_25' title="bbox 212 2555 956 2654; baseline 0.009 -32"><span class='ocrx_word' id='word_1_132' title='bbox 212 2643 215 2649; x_wconf 84' lang='lat'>.</span> <span class='ocrx_word' id='word_1_133' title='bbox 256 2577 374 2626; x_wconf 91' lang='lat' dir='ltr'>omnes</span> <span class='ocrx_word' id='word_1_134' title='bbox 390 2576 467 2624; x_wconf 89' lang='lat' dir='ltr'>eum</span> <span class='ocrx_word' id='word_1_135' title='bbox 486 2576 698 2648; x_wconf 84' lang='lat' dir='ltr'>precarentur</span> <span class='ocrx_word' id='word_1_136' title='bbox 710 2558 742 2647; x_wconf 83' lang='lat' dir='ltr'>s,</span> <span class='ocrx_word' id='word_1_137' title='bbox 766 2574 804 2628; x_wconf 91' lang='lat' dir='ltr'>ut</span> <span class='ocrx_word' id='word_1_138' title='bbox 821 2555 956 2654; x_wconf 90' lang='lat' dir='ltr'>Reipu-</span> 
     </span>
     <span class='ocr_line' id='line_1_26' title="bbox 256 2648 957 2749; baseline 0.009 -29"><span class='ocrx_word' id='word_1_139' title='bbox 256 2648 362 2722; x_wconf 87' lang='lat' dir='ltr'>blicae</span> <span class='ocrx_word' id='word_1_140' title='bbox 378 2649 602 2749; x_wconf 86' lang='lat' dir='ltr'>gubernacula</span> <span class='ocrx_word' id='word_1_141' title='bbox 616 2657 759 2726; x_wconf 82' lang='lat' dir='ltr'>retinere</span> <span class='ocrx_word' id='word_1_142' title='bbox 766 2652 885 2745; x_wconf 89' lang='lat' dir='ltr'>vellet,</span> <span class='ocrx_word' id='word_1_143' title='bbox 905 2656 957 2726; x_wconf 88' lang='lat' dir='ltr'>in·</span> 
     </span>
    </p>
   </div>
   <div class='ocr_carea' id='block_1_3' title="bbox 258 2746 958 2944">
    <p class='ocr_par' dir='ltr' id='par_1_3' title="bbox 258 2746 958 2944">
     <span class='ocr_line' id='line_1_27' title="bbox 258 2746 958 2865; baseline 0.004 -47"><span class='ocrx_word' id='word_1_144' title='bbox 258 2746 355 2822; x_wconf 74' lang='lat' dir='ltr'>diuis</span> <span class='ocrx_word' id='word_1_145' title='bbox 380 2748 489 2822; x_wconf 86' lang='lat' dir='ltr'>statim</span> <span class='ocrx_word' id='word_1_146' title='bbox 513 2751 661 2823; x_wconf 89' lang='lat' dir='ltr'>comitiis</span> <span class='ocrx_word' id='word_1_147' title='bbox 688 2751 811 2848; x_wconf 89' lang='lat' dir='ltr'>Populi</span> <span class='ocrx_word' id='word_1_148' title='bbox 839 2748 958 2865; x_wconf 69' lang='lat' dir='ltr'>suffra-</span> 
     </span>
     <span class='ocr_line' id='line_1_28' title="bbox 750 2869 955 2944; baseline -0.015 -22"><span class='ocrx_word' id='word_1_149' title='bbox 750 2907 755 2922; x_wconf 86' lang='lat'><strong><em>.</em></strong></span> <span class='ocrx_word' id='word_1_150' title='bbox 870 2869 955 2944; x_wconf 85' lang='lat' dir='ltr'>gns,</span> 
     </span>
    </p>
   </div>
   <div class='ocr_carea' id='block_1_4' title="bbox 257 3004 961 3086">
    <p class='ocr_par' dir='ltr' id='par_1_4' title="bbox 257 2976 961 3086">
     <span class='ocr_line' id='line_1_29' title="bbox 257 3004 961 3086; baseline 0.004 -21"><span class='ocrx_word' id='word_1_151' title='bbox 257 3024 274 3066; x_wconf 77' lang='lat' dir='ltr'>a</span> <span class='ocrx_word' id='word_1_152' title='bbox 294 3009 357 3069; x_wconf 72' lang='lat' dir='ltr'>ibid.</span> <span class='ocrx_word' id='word_1_153' title='bbox 374 3031 395 3068; x_wconf 89' lang='lat' dir='ltr'>c.</span> <span class='ocrx_word' id='word_1_154' title='bbox 413 3009 457 3084; x_wconf 66' lang='lat' dir='ltr'>ia.</span> <span class='ocrx_word' id='word_1_155' title='bbox 516 3007 534 3069; x_wconf 89' lang='lat' dir='ltr'>b</span> <span class='ocrx_word' id='word_1_156' title='bbox 559 3005 623 3069; x_wconf 78' lang='lat' dir='ltr'>ibid.</span> <span class='ocrx_word' id='word_1_157' title='bbox 635 3029 656 3070; x_wconf 86' lang='lat' dir='ltr'>r.</span> <span class='ocrx_word' id='word_1_158' title='bbox 674 3017 702 3086; x_wconf 83' lang='grc'>’9.</span> <span class='ocrx_word' id='word_1_159' title='bbox 757 3029 773 3070; x_wconf 88' lang='lat' dir='ltr'>e</span> <span class='ocrx_word' id='word_1_160' title='bbox 796 3004 860 3069; x_wconf 71' lang='lat' dir='ltr'>uir.</span> <span class='ocrx_word' id='word_1_161' title='bbox 879 3022 961 3086; x_wconf 67' lang='grc' dir='ltr'>ως.</span> 
     </span>
    </p>
   </div>
   <div class='ocr_carea' id='block_1_5' title="bbox 288 3084 960 3220">
    <p class='ocr_par' dir='ltr' id='par_1_5' title="bbox 288 3084 960 3220">
     <span class='ocr_line' id='line_1_30' title="bbox 293 3084 960 3217; baseline 0.009 -77"><span class='ocrx_word' id='word_1_162' title='bbox 293 3084 311 3141; x_wconf 91' lang='lat' dir='ltr'>d</span> <span class='ocrx_word' id='word_1_163' title='bbox 329 3086 475 3217; x_wconf 50' lang='lat' dir='ltr'>girabat.</span> <span class='ocrx_word' id='word_1_164' title='bbox 491 3105 535 3151; x_wconf 78' lang='lat' dir='ltr'>tv.</span> <span class='ocrx_word' id='word_1_165' title='bbox 554 3106 576 3147; x_wconf 85' lang='lat' dir='ltr'>c.</span> <span class='ocrx_word' id='word_1_166' title='bbox 591 3101 636 3162; x_wconf 83' lang='lat'>13.</span> <span class='ocrx_word' id='word_1_167' title='bbox 680 3087 752 3148; x_wconf 79' lang='lat' dir='ltr'>elb.</span> <span class='ocrx_word' id='word_1_168' title='bbox 771 3107 791 3148; x_wconf 83' lang='lat' dir='ltr'>r.</span> <span class='ocrx_word' id='word_1_169' title='bbox 807 3104 851 3148; x_wconf 86' lang='lat'>11.</span> <span class='ocrx_word' id='word_1_170' title='bbox 891 3085 960 3146; x_wconf 80' lang='lat' dir='ltr'>flb.</span> 
     </span>
     <span class='ocr_line' id='line_1_31' title="bbox 288 3178 472 3220; baseline 0.005 -36"><span class='ocrx_word' id='word_1_171' title='bbox 288 3178 309 3218; x_wconf 80' lang='lat' dir='ltr'>c.</span> <span class='ocrx_word' id='word_1_172' title='bbox 363 3200 371 3220; x_wconf 46' lang='lat'><strong>·</strong></span> <span class='ocrx_word' id='word_1_173' title='bbox 469 3179 472 3185; x_wconf 86' lang='lat'>.</span> 
     </span>
    </p>
   </div>
   <div class='ocr_carea' id='block_1_6' title="bbox 0 0 1006 3554">
    <p class='ocr_par' dir='ltr' id='par_1_6' title="bbox 0 0 1006 3554">
     <span class='ocr_line' id='line_1_32' title="bbox 0 0 1006 3554; baseline 0 1"><span class='ocrx_word' id='word_1_174' title='bbox 0 0 1006 3554; x_wconf 95' lang='lat' dir='ltr'> </span> 
     </span>
    </p>
   </div>
  </div>
 </body>
</html>
