2002 3554
127 129 281 207 Remum
300 131 468 209 Romu.
493 129 575 206 Lm.
588 127 635 206 sl.
687 146 751 209 ηπ

59 321 155 373 mum
174 317 306 392 tempus
322 290 528 388 magistratus
547 297 616 393 jam
633 311 765 392 praete·

57 396 173 469 riisset.
212 402 252 464 L.
267 413 348 484 vero
365 393 553 481 Cornelius,
583 396 673 490 cujus
697 391 764 466 fra.
838 483 839 487 Ἰ

58 510 113 564 ter
128 496 165 562 in
194 486 405 564 Decemviris'
421 506 514 573 erat,
549 488 636 586 prius
657 488 766 562 hostes

59 589 226 684 reprimi3
258 583 376 658 deinde
391 582 434 656 de
459 585 566 659 forma
583 584 767 683 Reipubsi·
869 573 873 652 ’.

60 707 123 756 cae
140 684 313 759 consultari
331 683 506 757 volebam:
535 706 678 779 eamque
691 679 766 754 sen-

63 786 227 872 tentiam,
252 802 405 880 tanquam
415 800 498 880 quae
513 782 768 879 vinceret,Ap·

33 879 137 976 'pius
173 882 414 979 pronunciavit.
449 902 450 905 ’
479 879 620 951 Interim
654 897 766 951 tamen

59 976 198 1074 plurimi
213 992 258 1050 ex'
269 975 500 1062 honestissrmis
516 975 664 1062 civibus,
676 975 767 1069 quod

60 1073 94 1147 se
119 1073 319 1147 sasiionibus
346 1074 626 1144 Decemvirorum
661 1071 769 1146 vibius
861 1117 864 1123 ·
981 1101 988 1111 “

60 1171 245 1257 viderent,
280 1167 412 1244 Urbem
435 1168 669 1259 deseruerunt,
694 1169 770 1243 De⁴

61 1269 223 1342 cemviris
252 1291 461 1366 nequaquam
485 1265 768 1364 prohibentibus,

61 1364 254 1464 praesertim
280 1388 359 1438 curn
388 1385 528 1455 eorum,
560 1385 597 1436 ut
627 1365 766 1436 miiitiae

63 1459 650 1560 desciturum,bonapublicarentb.
674 1462 792 1534 Tan··
870 1548 871 1552 Ἰ
952 1477 954 1480 ’

63 1559 143 1631 dem
160 1561 235 1656 post
250 1560 369 1635 multas
391 1561 502 1634 turbas
519 1557 688 1633 delectum
699 1559 770 1633 ha-

64 1657 210 1730 buerunt
224 1657 421 1732 Decemviri
436 1684 446 1728 t
480 1683 595 1731 verum
610 1683 677 1730 non
689 1682 766 1730 me·

63 1756 127 1828 lius
144 1755 241 1842 foris,
275 1780 373 1855 quam
393 1756 486 1829 domi
505 1754 770 1853 Rempublicarn

64 1852 261 1949 gesserunt:
302 1877 380 1925 cum
406 1853 442 1924 &
474 1855 582 1925 minus
614 1853 770 1949 prospere

63 1953 159 2048 saepe
188 1949 345 2023 adversus‘
363 1950 475 2024 hostes
499 1969 706 2047 pugnarent3
733 1947 771 2020 &

45 2070 48 2075 ·
66 2048 203 2143 plurimi
221 2050 311 2121 cives
327 2047 608 2118 Decemvirorum
620 2042 771 2116 adversa-
870 2094 872 2098 ι

66 2147 107 2218 rii
126 2147 215 2218 clam
235 2168 255 2215 e
272 2141 385 2215 medio
400 2142 595 2227 tollerentur
614 2160 648 2211 c.
675 2143 771 2211 Prae·

35 2236 37 2240 ’
67 2263 120 2316 ter
139 2245 202 2316 alia
230 2237 435 2322 autemduo
457 2235 603 2309 facinora
627 2234 771 2308 invidiae

66 2338 251 2438 plenissima
264 2339 505 2425 emicuerunt}
532 2356 672 2434 quorum
689 2332 772 2408 aste·

67 2461 145 2509 rum
162 2439 197 2509 in
214 2435 336 2525 Urbe,
367 2435 508 2509 alterum
531 2436 565 2506 in
582 2431 772 2530 expeditio·

70 2557 113 2606 ne
129 2552 292 2630 patratum
315 2532 373 2606 est.
420 2532 516 2606 Nam
542 2533 705 2609 Sicinium
729 2531 790 2604 il·-

70 2632 143 2704 lum
158 2629 367 2705 fortiffimum
383 2630 645 2730 prospeculatum
661 2628 703 2702 ad
720 2629 772 2701 lo·

69 2750 151 2802 cum
168 2727 276 2801 castris
299 2729 498 2825 capiendum
520 2728 650 2800 missum
668 2751 687 2795 a
710 2749 774 2795 co-

69 2826 208 2901 mitibus
226 2825 288 2899 suis
303 2824 448 2898 interfici
465 2842 642 2906 curarunt,
668 2817 773 2912 sparso

69 2947 206 3000 rumore
235 2942 391 3020 tanquam
417 2919 459 2991 ab
478 2915 625 2991 hostibus
649 2938 708 3011 per
722 2917 775 2986 in·
848 2936 852 2950 ’

282 3029 285 3035 ’
408 3018 494 3110 H5
544 3112 545 3117 Ἰ
683 3011 774 3112 srdiap

70 3119 90 3197 'n
109 3137 175 3204 uid.
193 3158 216 3202 a.
231 3136 275 3202 ru.
312 3135 330 3198 b
349 3133 387 3198 rb.
407 3153 428 3197 c.
441 3148 488 3198 ιι.
524 3146 540 3192 c
557 3127 596 3213 rb,
613 3148 633 3194 c.
646 3146 692 3210 24·
