2002 3554
86 223 88 228 Ι
142 113 304 189 Renua.
335 57 656 189 Ronaanlss'
714 119 765 219 53'

61 271 204 346 ferendis
213 271 373 370 suffragiis
387 273 495 345 omnis
507 273 575 348 fere
583 275 763 376 Reipubli-

11 374 30 477 ι’
61 395 122 444 cae
137 371 282 467 potestas
300 392 399 466 penes¹
412 368 546 442 ditiores
564 373 658 446 effet:
677 394 759 448 cutn

11 484 17 557 t
61 470 154 540 enim
176 470 210 536 in
231 468 379 538 wcomitiis
401 467 592 539 centuriatis
606 492 624 540 a
640 470 760 545 Tullio

10 616 13 623 ,
61 566 129 639 hac
154 563 325 636 occafione
347 563 504 643 institutis
528 563 677 664 Populus
701 592 778 664 peta

10 692 15 751 2
63 657 207 732 claffium
245 663 409 735 centurias
447 660 565 734 divisus
605 659 761 776 suffragia

10 766 13 849 g
60 756 161 830 ferret
179 761 223 833 ita
247 781 309 848 ut,
341 757 432 855 quod
454 758 565 854 plures
589 779 760 834 centunae

10 894 15 901 ·
58 853 229 952 juffiffent,
256 859 291 929 id
307 876 416 929 ratum
437 854 627 943 haberetur,
654 858 689 929 ὃ(
707 858 759 930 di-

10 960 12 1020 ῗ
57 951 256 1025 tiffimorum
297 959 424 1025 civium
459 954 629 1026 centuriae
660 955 761 1028 effent
799 1029 803 1033 .

10 1112 12 1138 ς
56 1070 200 1121 centum
216 1100 228 1138 ,
261 1050 466 1143 reliquorum
480 1069 589 1122 autem
608 1053 759 1124 omnium

10 1156 13 1241 ζ
56 1165 192 1218 tantum
220 1148 401 1243 nonaginta
421 1162 513 1235 tres,
551 1147 760 1220 manifestam

56 1242 109 1315 est
138 1240 288 1315 adversus
319 1241 451 1314 illorum
475 1240 665 1314 consensum
686 1243 762 1314 reli·

54 1366 135 1438 quas
149 1340 260 1412 claffes
273 1338 357 1413 nihil
378 1339 520 1437 potuisse
537 1366 570 1418 a:
597 1342 691 1438 cujus
708 1341 756 1411 rei

12 1460 15 1465 ·
57 1437 268 1513 luculentum
285 1436 477 1534 exemplum
496 1437 543 1510 est
558 1439 647 1535 apud
664 1441 759 1510 Dion.

57 1539 169 1606 Halia.
188 1544 230 1606 L.
244 1542 285 1608 X.
309 1563 335 1608 c.
356 1557 409 1631 17.
437 1536 550 1609 Altera
565 1535 672 1609 cauffa
680 1537 756 1622 fuit,

57 1633 757 1708 utetiamfimultributorutnoneramaxi·

58 1753 114 1803 me
140 1732 176 1802 in
197 1731 369 1805 ditiffimos
393 1731 647 1817 inclinarentur3
674 1756 755 1804 cum
836 1780 841 1785 -

58 1852 129 1900 non
153 1829 291 1926 amplius
318 1852 375 1926 pet
397 1830 530 1924 capita,
568 1849 608 1902 ut
629 1847 756 1916 antea,

59 1935 163 2015 (cum
188 1924 388 1999 tenuiffimae
415 1949 465 1996 res
491 1928 686 2016 Romanae,
717 1923 756 1996 &

60 2025 214 2094 omnium
244 2021 313 2095 fere
340 2022 478 2093 divitiae
508 2022 657 2114 aequales
679 2019 757 2090 fuis-

59 2118 152 2205 sent)
177 2118 228 2192 sed
243 2144 306 2215 pro
326 2121 453 2189 ratione
470 2114 580 2187 census
593 2113 757 2187 tributum
812 2118 815 2124 ’

56 2217 269 2314 penderetur.
317 2213 439 2287 Tertia
463 2211 569 2284 cauffa
592 2229 684 2297 erat,
719 2232 758 2284 ut

56 2318 159 2387 etiam
176 2315 313 2386 militiae
329 2310 494 2411 gerendae
517 2332 600 2382 onus
625 2311 659 2380 in
684 2319 758 2383 eosss

29 2413 31 2416 ’
57 2411 399 2487 demderivareturb:
428 2408 516 2506 quod
533 2429 645 2482 tamen
662 2406 757 2482 fimul
856 2498 859 2504 .

57 2512 159 2583 etiam
173 2511 357 2605 potentiam
377 2533 515 2593 eorum,
541 2532 618 2579 cum
636 2505 756 2580 affidue

56 2608 93 2677 in
115 2608 213 2680 armis
238 2608 362 2690 effent,
406 2607 527 2678 mirum
554 2607 588 2675 in
615 2605 756 2676 modum

56 2705 166 2776 auxit.
214 2702 309 2777 Nam
334 2727 412 2775 cum
440 2701 582 2791 decern,
607 2703 756 2797 exempli

56 2803 193 2901 gratia;
226 2800 279 2877 vel
301 2800 423 2898 viginti
448 2796 759 2874 millibus‘militum

411 2894 490 2989 D3
676 2909 760 2996 opus

55 3059 72 3102 a
99 3044 156 3104 vid.
179 3061 250 3104 omn.
273 3041 352 3104 Dian.
371 3037 434 3102 Hal.
452 3030 517 3103 νὴ.
540 3057 561 3100 c.
576 3053 622 3115 59.
684 3035 702 3100 b
722 3037 763 3098 Id.

102 3133 149 3178 Πο
170 3135 215 3195 190
759 3136 765 3154 ¹
