2002 3554
100 169 263 278 Rrueuu.
287 161 450 244 Rouan-
476 165 613 240 Lmll.
665 172 740 266 405'
858 185 862 198 ’

41 329 122 419 est,
153 330 347 424 summoque
372 329 546 414 consensu,
582 334 741 430 imperinm

46 436 74 499 ei
99 426 148 518 affe
175 435 207 497 in
234 431 421 527 Hispaniam
458 427 606 523 Populus
644 424 742 520 juffit.

49 524 157 621 Cujus
173 527 336 620 Scipionis
350 544 441 598 tanta
457 523 523 595 fuit
547 527 667 609 virtus,
692 546 743 612 ut,

52 622 182 691 divinae
203 623 299 722 (iirpis
320 629 426 692 riirnm
445 624 495 713 effe
509 621 612 719 vulgo
629 619 756 693 creden·

52 737 144 801 retur
163 745 171 790 :
204 744 300 815 quam
323 717 540 817 suspicionem
570 737 639 790 arte
661 736 747 815 qua-

52 812 131 886 dam
157 817 257 889 etiam
274 816 429 914 augebat.
480 819 561 889 Nec
579 818 744 887 minorem
979 898 981 903 ¹

52 911 175 1081 farpam
200 915 288 1011 apud
304 913 414 988 hostes
428 915 463 987 in
482 914 677 1014 Hispaniam
694 908 745 995 in·
861 971 862 975 η

53 1027 91 1093 tu
105 1031 144 1082 rt.
899 1027 902 1030 ⁴

101 1126 131 1188 §.
146 1101 329 1183 XXXIII.
358 1111 401 1180 ln
415 1110 558 1182 Graecia
576 1112 635 1180 M.
652 1111 891 1208 Vale··§,33,nn

26 1212 29 1217 ’
56 1208 119 1280 nias
146 1208 301 1278 Laevinus
335 1230 414 1278 cum
436 1208 583 1296 Aetolis,
597 1208 666 1302 .qui
687 1209 744 1305 spe
753 1207 880 1272 cracina·

57 1310 261 1373 Acarnaniae
301 1305 481 1398 potiundae
518 1303 748 1392 ducebantur,

10 1402 21 1511 p}
57 1400 204 1471 adversus
237 1401 434 1498 Philippum
469 1404 603 1499 Regem
636 1401 750 1473 faedus

10 1516 25 1571 t?
57 1499 175 1593 pangit
193 1513 209 1554 ἃ
228 1528 240 1583 3
266 1499 356 1595 quod
370 1496 537 1594 affenssvnm
555 1516 601 1571 (7⁴
621 1499 752 1595 defensi·

10 1596 23 1683 g.
57 1586 134 1667 viam
161 1594 310 1668 dicerent
329 1596 431 1667 hodie
451 1596 751 1694 Latinoglossoma·

10 1722 14 1731 ·
59 1688 167 1787 stiges.
201 1693 320 1785 quue
342 1692 477 1766 foedere
494 1695 658 1767 Romanis
673 1716 754 1792 pm·

17 1814 22 1823 ·
59 1788 193 1860 millum
208 1790 288 1879 fuit,
314 1790 435 1863 daturas
450 1816 588 1890 operam,
614 1813 647 1862 nt
663 1791 754 1863 nrbes
863 1835 868 1840 ι

60 1883 210 1983 Corcyra
242 1909 325 1957 renus
350 1889 391 1959 ab
423 1892 556 1962 Aetolia
580 1892 755 1990 incipienti,

10 1996 13 2019 ¹
62 1996 110 2051 (T
126 1991 340 2052 Acarnaniam
372 1986 655 2055 Aetolihaberent:
667 2006 758 2082 prae·

63 2078 104 2146 da
119 2084 214 2146 amnis
234 2084 439 2150 Romanarum
456 2085 533 2168 effer.
552 2110 554 2114 ·
582 2082 757 2151 Praeterea

10 2212 12 2217 ·
63 2175 271 2272 Zacynthum,
303 2177 475 2267 Oeniadas,
508 2179 690 2270 Nasumque
708 2177 758 2247 A·

65 2297 243 2344 camanum
267 2293 380 2367 captas
413 2276 542 2347 Aetolis
556 2271 756 2345 contribuit:

68 2371 148 2442 dum
168 2370 349 2468 Philippus·
357 2371 398 2445 ab
413 2372 512 2445 altera
527 2390 643 2469 parte,
669 2366 759 2442 utfi-

69 2490 137 2552 nes,
164 2466 245 2538 dum
261 2471 296 2539 in
320 2467 505 2554 Graeciam
514 2467 759 2567 proficiscitur,

70 2570 200 2658 quietos
223 2565 372 2650 haberet,
395 2560 522 2640 uicinos
538 2567 761 2663 comprimere

70 2659 188 2732 studet.
212 2662 278 2734 Sed
293 2663 512 2760 legationibus
528 2669 762 2746 Acarnanum,

71 2781 156 2855 quos
188 2759 383 2852 premebant
408 2763 542 2846 Aetoli,
573 2761 698 2832 bellum
728 2756 764 2829 id

72 2857 232 2928 omittere
256 2856 389 2928 coaetus
404 2857 470 2929 est:
497 2858 533 2928 &
549 2857 656 2930 rursus
673 2855 764 2927 redi·

46 3020 51 3031 .
73 2975 111 3027 tu
131 2953 332 3026 Aetolorum
348 2978 389 3025 ex
405 2957 591 3028 AcarnanIa
606 2947 768 3026 audito&

368 3050 474 3150 Cc3
699 3048 755 3149 ips
911 3145 912 3149 Ἰ

28 3173 31 3178 ’
115 3167 361 3250 alivdnnzn
748 3230 753 3243 ,
799 3214 805 3222 .
949 3155 958 3193 Ὗ
