2002 3554
90 199 92 203 ,
168 158 238 235 204
388 133 685 214 Hrstonra

11 322 156 391 A.v.434.
168 297 275 370 versus
291 297 329 371 lit
344 323 422 370 cum
439 299 500 373 suis
517 299 717 374 Postumius.
754 301 869 400 Atque

168 397 214 466 ita
236 395 361 468 bellum
380 397 525 470 infestius
545 399 746 472 Samnitibus
759 399 868 480 estref

171 512 308 582 natum3
334 493 373 566 ad
393 495 867 587 quostamendeleceruntSa·

173 597 289 661 triceni
307 609 351 662 a:
386 592 543 688 Fregellis
575 617 656 662 vero
685 595 867 678 Samnites,

174 712 254 760 curn
268 686 367 772 notre
384 688 500 760 urbem
516 689 744 784 occupaffent,
769 689 824 762 sed
837 715 871 762 a·

175 787 277 856 criter
291 810 354 878 pro
368 786 429 856 aris
445 809 484 857 ac
498 785 581 857 focis
589 787 871 884 dimicareturper

177 906 374 978 praeconem
396 881 570 955 edixerunt
588 893 609 966 ,'
636 891 757 983 impune
765 884 874 954 abitu·

178 1005 248 1049 rum
265 987 317 1074 qui
333 1005 420 1067 arara
430 982 576 1076 posurffet.
615 982 692 1052 Pars
707 982 737 1052 F
739 981 876 1080 regello·

179 1100 301 1149 norum
327 1078 530 1173 pertinacior
557 1094 617 1176 per
640 1078 781 1151 aversam
799 1102 876 1174 por·

180 1195 249 1247 tarn
271 1177 400 1271 erupit:
426 1196 553 1254 ceteros
567 1178 636 1273 igni
653 1176 878 1249 circumdatos

183 1275 346 1362 Samnites
361 1296 674 1359 concremaverunt:
693 1274 820 1359 lidem,
839 1291 878 1345 ut

183 1371 223 1443 ad
248 1371 428 1463 Luceriam
448 1397 468 1444 a
490 1374 646 1443 Romanis
661 1369 817 1442 obsessam
834 1370 881 1441 ire

183 1469 340 1567 pollent,
376 1493 453 1540 curn
477 1469 622 1542 Publilio
645 1466 790 1539 Consule
813 1469 880 1564 pri·

187 1590 279 1638 mum
298 1587 467 1638 certamen
483 1568 662 1663 tranfigere
670 1565 816 1638 statuunt
834 1565 851 1623 b
869 1585 881 1632 .·

190 1685 309 1732 verum
339 1667 384 1733 ira
410 1663 562 1746 militari,
598 1661 766 1734 &vesano
781 1683 883 1757 prope

193 1760 323 1852 impetu
344 1759 405 1830 fusi
418 1757 491 1830 lunt
507 1750 635 1829 hostes(
676 1761 774 1831 Alter
787 1759 887 1831 Con·

190 1854 237 1925 sul
252 1857 400 1950 Papirius
411 1857 585 1944 Samnites,
604 1859 659 1952 qui
670 1882 776 1954 prope
785 1857 888 1928 castra

190 1954 230 2026 ad
260 1952 435 2026 Luceriam
459 1954 693 2042 consederant,
719 1957 828 2026 lecum
846 1951 888 2024 [i-

189 2077 255 2151 gna
270 2050 422 2123 conferre
438 2053 573 2151 coegit:
601 2058 820 2148 nequicquam
839 2051 890 2122 in·

184 2151 448 2247 pervenientibus
473 2152 588 2248 legatis
602 2150 793 2221 Tarentinis
801 2199 812 2232 ,
833 2147 891 2242 qui

193 2248 466 2335 annunciabant,
497 2273 530 2315 ut
560 2248 670 2316 bellum
698 2254 891 2316 omitterent:

188 2372 250 2445 per
281 2366 361 2411 utros
382 2344 516 2429 stenffivt,
552 2369 607 2433 qao
637 2353 734 2415 minus
747 2343 783 2412 ab
798 2350 895 2409 armis

195 2440 412 2528 discederetur,
447 2438 590 2525 adversm
616 2467 663 2508 eos
673 2445 707 2533 se
717 2466 774 2544 pro
794 2442 897 2509 alteris

188 2556 403 2632 pugnaturos„
443 2534 590 2626 Papirius
631 2563 713 2635 ergo
741 2558 755 2596 ²
783 2534 897 2634 spretis

196 2633 364 2710 Graeculae
387 2633 592 2726 arrogantiae
618 2634 808 2706 hominibus
834 2634 897 2702 ho·

103 2792 104 2797 ,
198 2730 259 2802 stes
286 2726 465 2822 profligat:
501 2729 537 2800 ilc
563 2731 749 2824 paulopost
765 2729 897 2801 Samni-

200 2850 270 2917 te5‚
296 2827 352 2920 qui
370 2823 533 2897 Luceriae
549 2829 583 2898 in
605 2827 764 2926 praefidio
779 2842 899 2909 erant,

199 2929 288 3002 fame
303 2924 449 2994 domitos
470 2924 614 3020 (septem
624 2926 756 2999 fuerunt
769 2919 900 3001 millia)

843 3017 902 3091 sub

200 3123 210 3157 ²
238 3149 254 3192 a
272 3135 337 3200 llil.
356 3156 377 3196 c.
396 3154 439 3201 η.
474 3137 495 3222 Β
515 3141 580 3212 lbid,
598 3159 618 3200 c.
633 3152 676 3216 13.
