2002 3554
244 152 314 257 368
395 160 400 169 '
463 149 769 226 Hierontn

242 313 342 392 mist.
391 310 454 386 Sed
478 311 579 385 etiam
594 335 637 384 eo
658 309 837 409 absumpto
859 311 944 387 inso-

244 415 313 486 litis
335 410 503 511 quibusvis
534 406 698 482 alimentis
724 408 775 481 'ufi
807 413 945 484 tandem

245 509 429 586 Hannibali
444 505 476 580 se
489 507 612 603 dedere
632 503 742 580 coadii
766 505 867 582 sunt:
891 509 946 608 qui

245 603 945 779 iillllfiulpillli‘lidsts’rclli‘li

246 806 329 877 tiam
345 798 549 874 &Sardinia
564 801 631 872 hoc
648 819 804 893 tempore
821 803 882 874 vix
897 825 945 873 re·

250 921 364 974 tentae
380 898 472 984 sunt,
498 900 638 995 pecunia
655 896 884 973 &frumento
906 898 946 970 ab

253 999 409 1074 Hierone
423 998 541 1093 Rege,
566 995 716 1067 &sociis
738 996 775 1089 in
798 996 946 1069 Sardinia

253 1092 447 1169 civitatibus
467 1093 613 1191 benigne
637 1092 761 1165 collato
785 1109 813 1164 ².
866 1092 947 1167 Inde

253 1191 296 1266 ad
312 1215 425 1266 curam
441 1193 578 1265 Senatus
601 1189 772 1287 supplendi
795 1189 946 1264 convers

250 1290 371 1365 Patres
401 1295 448 1361 N.
478 1289 604 1359 Fabium
633 1295 797 1359 Burconem
825 1298 950 1360 Senarus

247 1387 413 1491 supplendi
429 1392 526 1481 cauffo
543 1387 669 1487 faciunt
681 1380 897 1461 Didcatorem
911 1387 949 1460 s·

242 1504 293 1557 -rr'e
308 1485 467 1584 Magistro
483 1489 651 1578 Equitum,
677 1481 767 1580 quod
786 1483 948 1583 fingulare

255 1585 291 1657 in
312 1583 449 1655 historia
475 1581 631 1653 Romana
657 1582 852 1676 exemplum
876 1581 948 1654 esi:

254 1677 537 1776 quemadmodum
562 1681 661 1750 etiam
689 1702 859 1774 nunquam
882 1679 951 1749 duo

257 1776 354 1849 fimul
376 1773 568 1848 Didiatores
595 1779 629 1847 in
667 1777 852 1872 Republica
875 1774 949 1846 fue·

255 1892 356 1948 runt:
381 1896 423 1944 eo
437 1872 525 1943 enim
551 1872 741 1970 magistratu
758 1873 872 1965 lunius
887 1866 950 1942 Pe·

256 1997 292 2045 ra
305 1970 412 2043 adbuc
431 1968 641 2069 fungebatur.
669 1971 790 2043 Fabius
805 1973 952 2066 primum

258 2071 342 2168 legit
356 2093 412 2141 eos
433 2071 489 2166 qui
507 2068 583 2165 post'
600 2071 772 2165 proximos
792 2068 954 2143 Censores

255 2167 407 2240 curulem
429 2165 654 2264 magistratum
677 2162 855 2261 cepissent}
880 2187 952 2238 tum

255 2262 954 2458 rili?baiulumiai

254 2479 299 2530 ex
315 2456 580 2529 Romanohoste
590 2458 656 2530 fixa
669 2458 761 2529 domi
781 2457 954 2541 baberent,

253 2571 311 2626 eut
329 2554 471 2625 civicam
488 2579 646 2628 coronam
666 2555 880 2652 accepissent.
904 2555 954 2626 lta

252 2668 391 2721 centum
416 2650 620 2751 septuaginta
645 2651 775 2749 septem
799 2676 881 2726 cum
904 2656 954 2722 in·

249 2749 345 2846 genti
361 2750 600 2845 approbatione
619 2753 773 2822 omnium
797 2752 834 2822 in
852 2752 953 2822 Sena·

250 2864 322 2945 tum
347 2844 464 2937 leuis,
496 2844 666 2946 extempio
691 2845 724 2920 se
753 2846 952 2949 magistratu

251 2941 430 3018 abdicavit.
578 3032 583 3039 ,

231 3049 237 3055 '
790 3061 821 3131 ς.
837 3038 950 3119 ΧΙΧ.

64 3190 218 3326 Ἴ
252 3122 504 3239 'elbidum
539 3154 561 3218 b
582 3156 740 3236 dilatae.
919 3188 923 3201 ·
