2048 3526
129 166 132 173 ’
225 141 685 244 Paniscorum.

52 297 169 380 nanu
201 288 243 365 δι
271 284 348 366 hoc
371 307 530 395 propter
553 285 757 371 dissensum
786 291 856 374 alr?

56 397 243 486 storum,
280 398 317 478 &
344 399 657 480 convenientiam
689 426 851 497 rerum,

55 530 158 614 quae
192 507 233 587 in
265 507 479 587 narratione
513 509 698 590 adventus
726 509 854 592 Pelas·

57 634 198 722 gotum
237 613 277 693 in
317 616 507 712 ltaliam,
544 617 703 698 &inde
734 621 852 704 eriam

57 725 324 834 Trojanorum
345 749 572 806 occurrunt:
596 750 695 836 quae
713 753 854 825 conre-

59 835 207 916 nientia
226 855 330 916 certe
349 833 444 916 levis
463 835 538 930 est,
568 838 736 934 letalis,
759 865 855 949 qua·

57 945 106 1028 lis
128 945 168 1024 in
195 944 346 1026 cunella
374 944 423 1026 de
454 947 751 1054 migrationibus
780 975 854 1054 po·

56 1055 268 1164 polorum,
295 1081 392 1162 quae
414 1059 507 1135 mari
528 1053 650 1150 fiunt,
670 1061 852 1140 narratio·

58 1165 174 1244 nibus
219 1163 532 1273 deprehenditur.
599 1165 713 1245 Putat
757 1192 853 1276 ergo

58 1273 269 1356 Cluverius
309 1273 486 1381 Pelasgos
525 1271 679 1352 eosdem
707 1275 781 1356 elle
807 1298 852 1355 ac
912 1342 916 1351 .

57 1386 290 1490 Tyrrhenum
323 1383 542 1466 Evandrum
566 1383 731 1464 eundem
761 1410 853 1464 cum

59 1500 222 1588 Aenea,
249 1493 414 1574 eundem
436 1520 526 1574 curn
545 1491 651 1599 lano,
686 1495 852 1577 eundem

61 1628 152 1686 cum
175 1605 362 1696 Saturno,
394 1605 557 1685 eundem
586 1630 676 1685 curn
697 1609 853 1690 Romu·

48 1714 110 1795 lo.
168 1715 232 1795 Ab
253 1716 329 1795 hoc
350 1716 448 1798 duce
471 1713 718 1824 Pelasgorum
740 1715 852 1797 simul

59 1831 99 1905 ὃς
133 1825 421 1934 Aboriginum,
450 1826 520 1933 qui
551 1828 751 1906 communi
781 1852 850 1906 no·

58 1934 162 2015 mine
189 1933 323 2015 Latini
351 1934 447 2015 disti
475 1934 638 2027 luerint,
669 1934 851 2042 expulsos

59 2043 136 2125 elle
157 2043 331 2126 siculose
361 2047 409 2124 'ab
439 2046 767 2151 hoc·0ccupatam
790 2070 854 2125 ur-

60 2157 148 2234 bem
184 2156 398 2237 Valentiam
439 2156 585 2236 diuam
619 2159 666 2233 ab
702 2156 854 2263 origine
892 2199 897 2207 ·

12 2346 14 2350 .
59 2265 213 2347 Graeca
245 2266 374 2359 idem,
402 2267 512 2368 quod
545 2263 666 2371 prisca
688 2265 755 2348 illa
778 2265 854 2347 La·

61 2378 143 2457 tina
171 2400 286 2469 vox,
325 2373 573 2485 fignifieanre.
631 2373 723 2457 Poll
750 2375 855 2456 hunc

59 2485 195 2564 Duces
211 2483 366 2592 aliquot
388 2485 511 2576 Urbi,
542 2485 736 2594 Latioque
750 2510 856 2591 prae·

52 2593 175 2674 -luille
194 2596 301 2703 regio
321 2595 490 2705 quidem.
505 2599 661 2678 nomine
673 2598 760 2693 ,sed
782 2622 856 2703 po·

61 2700 198 2783 testate
218 2706 341 2786 minus
362 2703 553 2798 absoluta,
580 2708 644 2801 l&
668 2707 745 2785 boc
766 2705 856 2814 qui·
967 2713 970 2728 '

62 2814 154 2898 dem
184 2813 236 2894 de
265 2817 447 2896 omnibus
476 2816 552 2895 illis
582 2815 715 2923 priscis
732 2815 857 2922 impe·

61 2925 129 3007 riis
150 2943 257 3018 certo
277 2922 610 3037 pollediciputo)
631 2925 858 3009 licetincer·

42 3055 145 3165 ¹rum
157 3034 406 3156 fitquamdlu
426 3033 568 3140 singuli
589 3033 859 3152 praefuerint,

467 3142 586 3266 (n),
651 3293 654 3297 .
800 3163 881 3264 sut
