2002 3554
132 135 286 213 Rutrun.
303 137 479 212 Rouuu.
501 131 645 213 erll,
683 140 761 235 247

58 299 286 387 incolebant.)
319 295 552 370 Commodum
566 297 679 396 itaque
695 295 759 369 lto·

59 400 136 470 noti
156 399 262 493 Regis
279 397 392 467 literae
408 394 761 480 aSamnitibus&Ta·

60 495 200 566 rentinis
216 494 330 564 allatae
345 492 440 579 sunt,
464 491 585 586 quibus
609 516 708 586 opem
723 516 760 563 e·

56 593 114 689 jus
131 591 370 682 implorabant,
395 590 485 688 quod
504 615 522 658 a
539 589 703 662 Romanis
716 589 757 661 ad

60 687 225 785 angustias
239 688 475 785 redigerentur.
499 683 762 780 Colorergohic
840 708 841 713 ¹

61 784 147 875 fuit,
172 810 214 858 ne
228 810 290 878 pro
307 787 386 885 fuga
403 785 558 857 discessus
570 786 639 880 ejus
658 779 760 852 habe·

60 903 164 955 retur.
212 883 260 956 Et
283 892 396 971 tamen
423 886 522 956 etiam
541 905 659 954 verum
675 898 763 966 erat,

61 978 224 1054 Consules
265 982 394 1053 collatis
427 980 551 1053 viribus
584 977 758 1051 Samnium
769 997 912 1074 A.U.476.
989 994 992 1009 '

61 1077 211 1161 vallare,
244 1079 291 1152 ita
321 1099 359 1149 ut
383 1080 547 1151 Samnites
570 1099 620 1149 tes
637 1072 704 1145 suas
721 1076 759 1147 in

61 1174 218 1268 abruptos
252 1198 383 1247 montes
416 1173 572 1268 auiosque
606 1169 758 1266 scopulos

61 1273 266 1344 conferrent.
324 1274 439 1366 Atque
477 1274 578 1343 etiam
617 1269 759 1341 alterum

61 1367 242 1439 Consulem
266 1373 302 1438 C.
325 1372 462 1462 Junium
483 1373 614 1438 Brutum
640 1367 758 1437 Bubul·

59 1464 759 1560 cumdeLucanis&Bruttiistriumphaffe

60 1561 136 1633 fasti
162 1561 303 1635 docent:
329 1584 367 1635 ut
381 1566 481 1635 etiarn
495 1589 582 1636 anno
601 1570 759 1659 sequente

62 1666 120 1756 ‚Q
134 1659 260 1730 fabium
283 1661 487 1748 Consulem
521 1662 564 1734 de
578 1661 697 1760 quibus
711 1679 759 1733 ta·

62 1783 142 1828 men
167 1758 345 1852 triumphis
367 1759 455 1853 apud
477 1759 628 1833 aufilores
653 1760 758 1834 altum

62 1854 111 1925 est
126 1855 304 1929 silentium.
342 1857 440 1929 Alter
459 1856 557 1956 hujus
569 1858 646 1931 anni
661 1857 758 1930 Con·

62 1951 110 2023 sul
128 1976 197 2026 erat
216 1954 253 2024 P.
274 1951 453 2027 Cornelius
471 1955 618 2027 Rufinus
637 1953 681 2025 ll.
707 1957 759 2028 vir

61 2047 141 2121 belli
164 2049 301 2146 quidem
333 2052 487 2144 peritus3
519 2051 572 2120 sed
607 2053 761 2123 avaritiae

62 2149 201 2219 nomine
224 2144 366 2218 infamis.
414 2145 626 2217 Mirabantur
654 2148 758 2240 igitur
790 2176 794 2181 ·
882 2194 885 2201 -

63 2243 247 2330 homines,
296 2242 486 2314 Fabricium
515 2239 762 2338 spellatiffimae

62 2344 265 2441 integritatis
289 2342 398 2412 virum
419 2358 435 2399 2
457 2340 491 2411 in
509 2341 655 2412 comitiis
669 2337 762 2412 caus·

61 2439 128 2512 sam
153 2437 274 2510 Rufini
304 2459 421 2510 contra
436 2441 675 2532 competitores
690 2441 761 2536 ejus

64 2540 163 2609 enixe
192 2536 403 2633 provehere:
440 2537 561 2630 quibus
585 2535 694 2610 facete
711 2561 763 2609 re·
890 2562 893 2569 ·

60 2633 196 2731 spondit
214 2633 403 2720 Fabricius,
424 2636 523 2703 Nihil
537 2641 652 2704 mirum
667 2635 762 2704 vide·

63 2731 230 2814 ridebere,
249 2733 278 2821 fi
292 2729 480 2824 daffwillimr's
493 2733 674 2830 temporibus
680 2759 763 2802 com·

55 2833 158 2931 pilari
175 2829 241 2923 se,
267 2853 355 2920 quam
379 2834 485 2898 venire
499 2831 603 2900 mallet
633 2827 665 2898 b.
715 2828 765 2901 Et

396 2921 483 3016 Q
679 2921 766 2997 bene

100 3085 119 3126 a
136 3067 194 3127 val.
214 3075 293 3126 Max.
312 3071 343 3121 L.
355 3071 401 3123 IV.
418 3079 477 3136 αφ
494 3075 574 3122 mro.

104 3137 387 3215 boantum&
550 3188 553 3193 .
