2002 3554
184 125 262 226 '580
411 115 721 194 Hrsronsr

191 292 263 362 rius
286 286 350 356 Ioco
376 287 429 355 cit.
453 279 575 354 refert:
602 281 780 379 sedidem
805 288 897 362 r.182

190 383 278 459 aliud
303 405 428 481 agens,
455 380 608 473 Uscanam
627 409 649 449 a
668 389 785 475 Perseo
800 392 836 457 vi
850 412 893 456 ca.

189 505 295 583 pram,
320 500 451 569 narrat,
477 477 772 573 quemadmodum
797 514 825 566 c,
848 508 898 556 21.

195 583 239 652 L.
263 580 415 652 Caelium
440 581 577 672 legatum
602 574 643 645 ab
682 592 899 681 oppugnationo

195 681 334 772 Uscanae
357 700 426 746 cum
453 677 558 743 multis
581 677 768 749 vulnmbus
786 685 837 773 effe
853 711 898 752 re·

192 778 314 878 Μαι»
329 803 342 843 .·
374 771 464 869 quod
490 772 609 845 ceteris
635 776 896 868 praestantiffini

199 874 364 958 Historici
381 869 695 942 hallucinationibus
706 875 894 976 adderepo-

197 971 307 1045 tuiffet
339 969 521 1066 praeclarus
553 967 624 1063 ejus
658 970 796 1046 Censor
806 977 894 1069 ⁸laco·

194 1071 257 1142 bus
300 1068 492 1140 Perizonius
526 1069 690 1137 Animad.
711 1073 796 1165 Haeji.
814 1070 891 1166 ΜΓ)

197 1168 333 1241 Perseus
346 1185 437 1237 certe
456 1161 602 1234 socordia
620 1162 754 1240 ducum
771 1172 893 1243 Roma.

197 1289 320 1338 nurum
347 1260 419 1334 usus
441 1260 545 1332 multa
571 1259 724 1358 lllyrici,
748 1292 811 1363 qua
826 1268 891 1339 Ro·

196 1386 372 1438 manorum
388 1378 475 1445 erat,
501 1359 574 1429 loca
586 1358 892 1436 inditionemrede·

198 1465 285 1560 gira
304 1493 317 1546 3
340 1457 393 1530 sed
402 1456 568 1528 Aetoliam
577 1453 697 1529 frustra
705 1466 845 1534 tentavit
866 1459 893 1531 b,

199 1566 344 1630 Gentium
360 1554 657 1652 etiamlilyriorum
667 1557 805 1658 Regem
812 1558 892 1631 solli·

200 1658 339 1740 citavit3
365 1677 478 1724 verum
497 1652 734 1746 intempestive
741 1660 892 1753 pecuniae

197 1772 336 1851 parcens
356 1751 395 1821 ad
413 1749 534 1820 bellum
550 1771 631 1820 curn
647 1753 809 1849 impellere
823 1775 886 1821 non

197 1851 313 1946 potuit
331 1864 375 1918 c:
401 1845 490 1942 quod
517 1866 632 1918 tamen
656 1875 740 1922 anno
757 1847 886 1945 sequen·

199 1967 264 2036 te,
295 1969 374 2018 cum
398 1945 503 2016 adeffe
529 1942 711 2020 discrimen
744 1948 891 2021 uitituum

120 2114 125 2127 ,
200 2045 281 2117 belli
307 2044 611 2131 animadverteret,
647 2045 689 2117 ab
712 2050 824 2120 animo
842 2046 891 2117 suo

200 2145 393 2241 impetravit
424 2143 579 2212 trecentis
610 2149 745 2238 argenti
776 2145 892 2217 talentis

199 2244 272 2327 eius
296 2239 482 2312 societatem
509 2237 623 2334 padus
650 2239 678 2310 d.
732 2243 799 2318 Sed
825 2266 891 2314 curn

200 2340 348 2412 Gentius
373 2361 409 2407 ea
438 2337 596 2432 pecuniae
616 2335 671 2431 spe
690 2339 821 2438 legatos
837 2344 892 2434 iarn

199 2437 379 2511 Romanos
392 2432 591 2517 violarriffet,
608 2435 693 2505 nihil
715 2440 894 2535 pecunian-

197 2557 259 2629 pus
272 2533 312 2602 ad
331 2532 564 2604 concitandum
574 2532 607 2600 in
618 2533 798 2608 Romanos
808 2536 893 2609 Gen·

191 2632 285 2703 tium
301 2650 408 2722 ratus,
432 2655 509 2703 curn
526 2627 581 2700 ifle
590 2626 619 2699 se
628 2630 664 2701 in
674 2630 757 2706 beili
766 2629 896 2708 neceffi·
934 2718 936 2723 ¹

194 2756 216 2777 ““
361 2768 364 2775 ·
802 2751 897 2805 tatem

237 2916 336 2979 arsid.
354 2912 424 2972 c.18.
463 2913 481 2972 b
504 2911 568 2988 dni.
587 2928 662 2970 c.21.
704 2913 805 2974 ΗΜ.
828 2930 900 2971 nro.

202 3012 251 3087 η.
269 2990 347 3068 Ptljb.
371 3011 421 3048 exc.
439 2990 481 3064 leg.
506 3012 532 3049 n.
549 2988 592 3060 76·
608 2987 652 3064 sq.
690 2991 710 3050 d
730 2988 793 3076 Idid.
816 3010 843 3044 n.
859 2989 900 3062 85.

200 3080 273 3134 ure.
300 3075 527 3142 Lamnum,
549 3071 613 3145 nnn.
637 3066 719 3147 Alex.
752 3085 780 3126 m
800 3081 896 3144 excerpt
