2002 3554
118 137 279 212 Ruuun.
304 134 467 214 Reum.
492 131 627 217 Lunl.
678 154 750 240 33t

49 294 167 396 ferenti
184 320 239 400 per
264 325 353 397 agros
376 294 523 391 urbesqtu
544 299 617 390 suas
637 300 751 389 transt·

33 471 35 474 Α
56 417 121 467 tum
138 398 258 467 darent.
284 396 419 489 Qubus
435 391 532 466 diuis
549 401 659 467 tantus
668 400 749 470 cuu't

57 493 195 580 fremitu
211 493 289 571 risus
304 492 483 568 Gallorum
497 493 589 565 ortus‘
609 490 751 581 diciturg

57 609 97 661 ut
128 592 185 662 vix
209 589 486 688 amagi'sttatibus
510 586 755 686 majoribusque

11 695 16 699 '
60 705 141 758 natu
160 690 312 784 juventus
330 685 493 761 sedaretur
531 704 557 757 a.
592 682 753 783 Respon-

57 781 333 882 sumque-legatis
354 783 428 875 est,
471 790 583 878 Neque
601 789 754 852 Romano·

58 906 127 949 rum
149 885 235 975 inse
257 889 401 953 meritum
417 883 489 973 effe,
514 908 605 978 neque
623 879 751 950 Cartha·

53 981 232 1075 ginienfium
248 979 413 1078 injuriam,
438 979 473 1049 ob
489 1005 561 1076 qaae
576 999 630 1048 aut
638 982 752 1051 Roma·

60 1083 124 1162 nis,
153 1099 205 1147 aut
227 1077 372 1170 adversus
389 1085 499 1150 Poenos
506 1070 635 1168 stimant
651 1101 752 1147 arma.

59 1179 173 1244 Contra
197 1175 233 1244 e'a
255 1173 364 1244 audire
380 1174 469 1266 sese,
489 1175 676 1271 gentissuae
695 1173 750 1242 ho·

59 1276 153 1339 mines
169 1277 252 1368 agris
261 1270 436 1365 finibusque
450 1274 557 1341 Italiae
567 1273 643 1368 pelli
658 1273 747 1338 al’o·

51 1372 126 1467 pulo
150 1376 311 1459 Romano,
337 1367 575 1468 stipendiumque
596 1368 751 1465 pendam

59 1463 418 1561 &ceteraindt'gnapati.
440 1466 551 1562 Atque
560 1464 674 1537 eadem
683 1461 751 1535 fer⁴

60 1584 117 1632 me
134 1563 167 1634 in
183 1565 300 1634 ceteris
315 1563 445 1636 Galliae
452 1562 604 1636 conciliis
613 1560 750 1636 audive·
858 1590 862 1601 *

59 1659 562 1758 re.Hannibalitaqueomnibus
572 1659 751 1733 necessariis
761 1659 913 1737 num:

58 1755 207 1830 firmatus
224 1759 321 1830 initio
336 1763 419 1832 veris
433 1761 545 1856 copias
554 1783 598 1831 ex
607 1758 754 1834 hibernis

60 1854 172 1929 educit
201 1854 352 1952 peditum
366 1858 467 1930 millia
483 1858 687 1954 nonaginta,
712 1881 751 1930 e·

58 1955 189 2051 quitum
204 1952 405 2041 duodecim,
430 1955 547 2028 elatior
563 1955 664 2027 etiam
681 1956 751 2026 ani·
790 1966 792 1970 ’

59 2074 117 2122 mo
132 2048 303 2145 postquam
318 2047 500 2138 audivisset,
515 2049 687 2146 quomodo
705 2051 753 2121 le·

57 2147 151 2245 gotio
174 2147 403 2217 Romanorum
420 2145 625 2240 Carthagine
642 2145 753 2218 fuisset

57 2264 212 2341 excepta.
250 2222 316 2315 Sed
333 2243 389 2327 iis,
413 2266 497 2339 quae
512 2244 598 2313 inter
616 2239 751 2317 Iberum

58 2365 209 2429 amnem,
243 2339 280 2411 &
302 2361 431 2412 montes
456 2360 548 2414 etant
566 2342 748 2440 Pyrenaeos,

56 2436 194 2510 subnotis
220 2437 382 2510 Hannoni
403 2462 481 2510 cum
512 2459 604 2534 parte
636 2439 751 2533 copia·

57 2561 132 2608 rum
149 2559 201 2606 eas
218 2536 371 2633 regiones
384 2535 611 2628 custodiendas
628 2534 748 2610 tradit:

10 2656 21 2684 ·
58 2631 124 2727 ipse
146 2656 224 2703 cum
250 2634 399 2704 exercitu
418 2633 659 2731 quinquaginta
674 2633 752 2704 mil.

58 2733 141 2804 liuni
161 2727 329 2824 peditum,
356 2731 520 2827 equitibus
535 2753 617 2802 vero
634 2730 751 2802 noviei
823 2799 830 2809 ,

59 2827 168 2915 mille,
192 2847 276 2923 quae
300 2849 414 2918 omncs
429 2831 545 2924 copiae
559 2845 651 2898 etant
670 2825 749 2898 vali·

59 2925 139 3015 dae,
163 2922 199 2995 ὃ(
216 2945 258 2994 ex
274 2925 458 3012 continuis,
484 2936 566 3024 quae
582 2919 751 3034 inHispa·

700 3043 752 3094 utu

97 3157 114 3199 a
134 3139 194 3220 Lina,
210 3149 318 3212 LXXI,
335 3158 408 3218 azo,
