2002 3554
160 174 235 254 54⁰
392 139 726 263 -Hssaunnn

168 331 222 386 tus
246 306 288 379 ad
309 303 546 380 continendam
562 303 747 378 Romanis
760 305 883 380 milita·

169 430 242 483 rem
264 404 496 499 disciplinam:
531 401 568 473 &
601 402 765 498 asperitas
790 405 882 477 loco·

170 528 268 594 rum,
292 503 393 576 hostis
415 498 536 573 affidue
561 498 745 591 lamisem,
771 527 884 600 oppu·

174 602 294 701 gnatio
306 597 480 672 necess'aria
494 596 713 672 munitomm
733 600 886 672 castello·

177 722 275 786 rum,
297 693 453 769 laboriosa
471 693 587 779 fimul,
614 697 884 795 periculosaqum

180 799 282 891 inom
299 815 467 891 praeterea
479 793 573 890 regio
591 794 764 866 virtutem
783 795 822 867 &
839 794 887 866 di·

179 892 350 988 sciplmam
376 887 608 964 conservabat:
634 913 722 962 cum
739 893 887 964 amoeni·

182 1012 233 1065 tas
255 988 371 1080 Afiae,
395 986 537 1061 mollitia
558 984 736 1072 hostium,
761 992 887 1087 regiae·

184 1083 608 1183 queopes‚ditioresquam
618 1083 784 1158 fortiores
793 1109 886 1159 exer·

184 1186 272 1257 citus
302 1183 451 1255 facerent
473 1197 503 1254 ².
542 1183 580 1253 C.
605 1203 694 1277 ergo
722 1187 890 1254 Flaminius

186 1279 315 1354 Consul
332 1288 482 1352 Friniates
498 1279 642 1376 Ligures
658 1278 774 1354 vinos
788 1280 887 1354 inde·

90 1401 94 1411 ·
186 1377 352 1452 ditionem
375 1378 538 1474 accepim
570 1374 675 1472 iisque
702 1403 798 1450 arma
821 1378 888 1449 adi·

188 1478 266 1549 mit.
312 1476 462 1561 Verum,
487 1497 566 1545 cum
588 1496 660 1544 non
678 1473 808 1549 smcem
823 1475 890 1548 fide

188 1595 230 1644 ea
253 1573 480 1661 tradidissent,
506 1594 577 1668 pars
590 1594 823 1668 magnauram
842 1575 890 1645 A·

189 1673 375 1767 penninum
401 1671 575 1743 abierunt:
608 1667 656 1741 ibi
685 1670 794 1743 rursus
808 1667 889 1742 viui

191 1766 294 1854 sunt;
335 1766 372 1837 &
413 1790 502 1838 mma
535 1768 575 1837 iis
602 1767 785 1840 intentiore
808 1789 886 1836 cura

191 1863 358 1961 adempta.
391 1869 534 1964 Apuanis
558 1888 698 1961 quoque
715 1861 889 1961 Liguribus

192 1961 388 2057 perdomitis
404 1985 520 2059 pacem
538 1961 666 2033 Consul
677 1960 892 2036 finitimisde-

194 2059 257 2132 dit.
294 2064 406 2158 Atque
423 2060 517 2141 inde,
544 2085 586 2130 ne
603 2061 750 2131 militem
771 2064 806 2132 in
823 2061 894 2130 otio

195 2160 351 2247 haberet,
376 2161 463 2230 viam
480 2156 520 2228 ab
539 2156 638 2231 Urbe
654 2182 718 2253 per
735 2158 895 2230 Tusciam

78 2260 82 2267 ’
196 2257 234 2327 δί
260 2258 439 2328 Umbriam
464 2253 656 2325 Ariminum
687 2255 794 2350 usque
821 2256 898 2325 stra·

9 3230 152 3316 Ἀ

199 2357 250 2427 vit
270 2356 316 2425 b:
342 2356 420 2428 licet
447 2353 482 2421 in
506 2359 632 2447 epitome
656 2357 752 2422 Livii
760 2358 839 2425 XX.
853 2353 897 2424 le·

198 2474 315 2548 gatus,
341 2455 406 2522 hoc
422 2475 440 2519 a
463 2470 553 2544 patre
568 2449 667 2537 huius
683 2450 847 2522 Flaminii
870 2453 900 2520 in

199 2550 334 2622 censum
350 2552 394 2620 A.
421 2548 470 2623 U.
496 2570 517 2641 5
525 2569 575 2642 33.
593 2545 721 2616 fusium
741 2549 824 2631 efie3
849 2548 899 2617 cui

197 2645 609 2732 adsentitanalfindorusin
618 2642 773 2714 Chronico
806 2650 901 2716 Haec

201 2744 314 2841 postea
336 2743 519 2838 Aquileiam
535 2742 634 2837 usque
649 2741 821 2837 produsta
831 2743 902 2813 fuit.

205 2842 367 2914 Aemilius
393 2843 493 2911 etiam
513 2842 600 2912 viam
622 2864 640 2908 a
672 2838 844 2911 Placentia
859 2841 904 2909 A·

204 2941 362 3013 riminum
377 2936 475 3034 usque
495 2938 591 3025 fecit,
616 2957 654 3008 ut
672 2938 818 3009 cumvia
828 2938 856 3007 F
857 2937 903 3046 la·

800 3057 906 3107 mima

246 3172 268 3217 ἱ
282 3153 345 3217 W·
362 3153 428 3214 ibid.
441 3153 499 3213 sm.
524 3150 551 3206 iu
566 3150 653 3206 Sunia
669 3157 739 3208 Ul.
756 3169 860 3222 mm.
