2002 3554
168 159 240 259 55⁶
387 148 698 236 Hrseou'rrs

167 320 307 404 vincia,
341 315 422 412 quin
445 309 621 386 confestim
641 311 776 388 eodem
797 339 879 389 anno

170 424 246 492 Sex.
265 419 404 514 Digitius
429 413 568 483 Praetor
584 411 723 510 praeliis
742 415 879 511 quidem

173 540 244 586 non
260 538 311 585 ma
339 514 404 596 nis,
428 507 484 580 sed
504 508 722 582 creberrimis
735 509 881 584 adeoas·

130 648 135 665 ι
175 611 287 685 slidlus
309 538 426 698 sirerit,
451 626 490 680 ut
507 607 568 680 vix
585 606 778 682 dimidium
797 610 882 696 mili·

175 731 251 783 tum
274 705 446 780 successori
463 704 607 778 traderet
627 722 676 778 ²:
705 707 784 780 imo
807 730 880 806 poe·

177 830 221 879 ne
245 829 380 879 omnem
405 804 594 881 exercitum
611 800 759 877 amisisse
774 803 882 878 scribit

176 904 318 998 Orosius
334 904 441 1000 siff.
458 927 483 972 c.
497 900 888 1002 20.·omnisque,Hispi·,

179 1005 234 1082 nio
259 1004 387 1073 animos
409 998 599 1087 sustulisset,
622 998 659 1068 ni
679 1000 769 1074 alter
791 1001 879 1074 Prae·

179 1120 233 1172 tor
259 1106 296 1171 P.
314 1100 467 1170 Cornelius
483 1101 560 1168 Cner'
575 1104 612 1167 F.
636 1099 746 1197 Scipio
766 1101 899 1189 Nostra*

181 1198 286 1270 multa
316 1218 402 1270 trans
430 1193 561 1268 lberum
588 1192 736 1270 secunda
766 1195 881 1295 praelia

182 1296 321 1369 fecisset.
371 1292 464 1372 Idem
487 1291 587 1366 caess
612 1295 744 1392 magno
763 1293 881 1389 praelio

182 1392 349 1467 Lusitanis
374 1391 572 1489 opulentum
605 1391 728 1485 praeda
755 1393 881 1466 exerci-

183 1513 258 1565 tum
284 1491 429 1564 reduxit.
466 1501 480 1576 (
494 1489 565 1562 Hic
591 1487 646 1560 ille
669 1489 720 1562 est
746 1488 881 1588 Scipio,

171 1593 241 1685 ,qui
270 1616 358 1662 anno
381 1587 485 1663 Urbis
502 1585 779 1684 quingentesimo
803 1611 882 1682 qua·

183 1687 370 1784 dragesrmo
397 1711 495 1758 nono
511 1682 702 1759 adolescens
731 1685 881 1756 nondum

185 1784 384 1879 quaestorius
416 1787 449 1853 in
475 1802 547 1856 tota
564 1782 706 1857 civitate
718 1787 772 1850 vir
787 1780 879 1850 bono·

184 1908 253 1951 rum
269 1888 394 1980 optimus
413 1879 574 1975 iudicatus
586 1879 696 1954 fuerat
711 1877 728 1937 l’
746 1904 754 1948 :
781 1899 882 1974 utque

185 1982 230 2050 ira
256 2004 300 2052 ex
328 1977 479 2076 responso
504 1977 670 2071 Delphici
690 1976 815 2050 oraculi
835 1976 884 2048 di·

186 2102 270 2172 gnus
302 2077 454 2164 habitus,
479 2077 535 2173 qui
559 2075 714 2147 Matrem
731 2078 885 2150 Deorum

187 2177 333 2272 hospitio
344 2177 530 2270 exciperem
558 2177 884 2274 utjamSupr.L.IV.

187 2300 214 2345 c.
229 2300 259 2345 ι.
276 2291 303 2355 §·
317 2296 330 2369 5
338 2301 370 2344 o.
387 2271 514 2342 dislum
532 2269 630 2356 fuit.)
659 2273 769 2343 Anno
791 2272 884 2346 Urbis

190 2384 259 2465 560
275 2397 293 2441 a
311 2378 345 2442 C.
365 2373 518 2441 Flaminio
536 2373 689 2443 Praetore
709 2371 886 2447 inciterio·

186 2493 222 2542 re
248 2470 405 2566 Hispania
429 2468 548 2563 praelia
562 2468 712 2563 aliquot,
740 2492 808 2540 nec
828 2469 886 2543 sine

187 2569 333 2640 militum
360 2565 512 2661 jadlura,
546 2561 620 2636 sunt
643 2562 760 2651 fastu
794 2573 885 2665 oppi-

187 2664 334 2758 dumque
363 2667 460 2731 llucia
478 2664 511 2731 in
529 2662 675 2730 Oretanis
692 2682 838 2759 captum
865 2683 887 2737 c,

188 2762 337 2854 Maiores
365 2784 415 2830 res
439 2757 532 2855 gessit
547 2751 614 2830 ’Μ
634 2760 800 2853 Fulvius,
836 2766 888 2858 qui

189 2860 328 2933 Praetor
354 2858 547 2930 ulteriorem
575 2856 781 2954 Hispaniam
799 2858 889 2933 sorti·

840 2979 891 3032 tus

227 3111 247 3154 a
267 3095 327 3150 uie.
344 3096 488 3148 uxxxr.
506 3107 566 3145 m.
612 3089 630 3146 b
649 3090 688 3147 ri.
707 3098 854 3155 uxxuru
871 3077 893 3146 e

9 3164 66 3306 x
203 3188 302 3237 uio
324 3185 373 3241 ru.
407 3163 743 3239 cldduxxxvmg·
780 3166 784 3176 ’
