2002 3554
228 141 299 213 κισ
434 132 746 215 Hrtaonu

224 294 264 370 &
278 295 518 394 urbsrecepta‚
544 296 930 394 veteriquecultorired·

68 394 498 496 ,4‚1r‚452‚dita.A.U.452.
520 393 933 472 aDieiatoreMJaterio

223 501 398 586 Maximo,
431 495 489 591 qui
514 492 561 565 ob
575 493 798 591 multiplicem
819 500 931 569 terin-

222 615 297 666 rem
317 611 478 665 exortum
490 613 622 665 creatus
639 590 760 682 fuerat,
781 610 800 651 ²
818 593 928 669 Marii

221 689 296 765 sunt
312 689 398 778 fun,
422 687 460 761 &
476 709 569 786 parte
584 691 655 787 agri
676 687 837 764 muletati.
888 691 930 764 ln

226 789 364 862 Etruria
380 809 462 860 vero
472 787 632 859 Aemilius
642 787 806 885 Magister
817 789 930 887 Equi-

224 907 298 961 tum
314 884 444 959 absente
468 882 649 962 Dielatnre,
666 887 858 984 pabulatum
889 913 928 961 e·

225 986 349 1085 greffus
362 981 461 1056 foeda
479 982 583 1082 strage
599 981 763 1057 afficitur:
790 989 928 1086 egregia

117 1160 121 1169 ,
226 1104 341 1156 tamen
369 1080 512 1182 ejusdem
531 1107 611 1156 cura
625 1082 780 1178 reliquiae
793 1085 930 1156 exerci-

225 1200 281 1255 tus
297 1182 439 1255 servatae
455 1179 539 1253 sunt.
564 1182 681 1279 ltaque
699 1177 858 1254 Dietator
871 1205 926 1253 re·

226 1280 336 1354 versus
351 1279 529 1354 confestim
544 1279 687 1352 casttain
695 1302 810 1376 agrum
821 1278 929 1352 hosti·

226 1378 294 1453 lem
311 1378 491 1475 promovit.
518 1377 567 1450 lbi
576 1376 832 1471 hostespecusin
842 1401 929 1450 con·

225 1474 374 1573 speetum
394 1475 543 1572 praesidii
562 1476 712 1554 Romani
724 1473 929 1574 propellunt,

226 1592 266 1647 ut
281 1575 382 1645 casin
398 1573 527 1645 infidias
542 1576 701 1651 elicerent
710 1606 723 1658 3
745 1572 797 1644 sed
813 1595 924 1670 expe·

227 1672 299 1744 ritis
317 1670 474 1766 linguae,
498 1693 581 1765 quos
597 1668 628 1740 se
644 1671 828 1768 pastoribus
839 1672 924 1767 jun·

225 1787 305 1865 gere
329 1767 456 1859 jufferat
484 1766 641 1862 legatus,
676 1770 733 1866 qui
765 1766 929 1863 praefidio

225 1866 388 1937 Romano
423 1885 597 1958 praeerat,
646 1866 839 1954 intellexit,
869 1872 927 1958 so·

226 1987 300 2035 num
327 1964 449 2058 linguae
474 1977 520 2034 (7⁴
544 1986 703 2065 corporum
727 1964 862 2035 habitum
888 1991 927 2037 ac

227 2069 360 2132 nitorem
376 2060 540 2146 cultiora,
565 2062 926 2160 quampastoraliaeffe.

226 2158 372 2247 Hostes,
408 2159 465 2231 ubi
484 2159 621 2233 consilia
634 2160 772 2258 patuisse
790 2159 926 2248 vident,

225 2277 621 2455 lllllelslllll
638 2257 926 2429 llllllllssl

224 2450 378 2524 sustinere
387 2452 505 2547 pollet,
514 2449 866 2526 Dielatoremarceffit.
877 2454 926 2529 Et

225 2546 283 2619 hic
300 2549 435 2644 quidem
453 2550 562 2623 statim
574 2548 762 2645 fignaferri,
779 2575 817 2622 ac
835 2553 925 2649 sequi

225 2665 367 2719 armatos
381 2647 479 2745 jubet
499 2647 515 2706 b
533 2674 543 2732 ς
571 2665 716 2718 attamen
731 2648 807 2720 data
826 2675 927 2747 opera

224 2764 346 2843 agmen
372 2764 543 2833 retentat,
575 2742 611 2813 &
634 2745 749 2816 senfim
768 2747 925 2822 incedere

219 2840 338 2941 jubet,
364 2862 402 2918 ut
416 2842 538 2938 integri
561 2840 686 2916 viribus
702 2841 796 2914 fessos
809 2843 922 2916 adori-

221 2940 251 3021 ri
267 2940 417 3041 pollent:
442 2961 545 3037 eaque
562 2941 692 3014 ratione
700 2935 794 3019 viffls
801 2937 923 3014 Etrus·

875 3065 925 3118 cis

199 3158 201 3179 ¹
250 3144 429 3239 ullam.
472 3150 655 3239 illlam,

58 3234 203 3336 h
