<?xml version="1.0" encoding="UTF-8"?>
<!DOCTYPE html PUBLIC "-//W3C//DTD XHTML 1.0 Transitional//EN"
    "http://www.w3.org/TR/xhtml1/DTD/xhtml1-transitional.dtd">
<html xmlns="http://www.w3.org/1999/xhtml" xml:lang="en" lang="en">
 <head>
  <title>
</title>
<meta http-equiv="Content-Type" content="text/html;charset=utf-8" />
  <meta name='ocr-system' content='tesseract 3.04.00' />
  <meta name='ocr-capabilities' content='ocr_page ocr_carea ocr_par ocr_line ocrx_word'/>
</head>
<body>
  <div class='ocr_page' id='page_1' title='image "./historiareipubl00nieugoog/historiareipubl00nieugoog_0052.png"; bbox 0 0 2048 3526; ppageno 0'>
   <div class='ocr_carea' id='block_1_1' title="bbox 68 34 743 219">
    <p class='ocr_par' dir='ltr' id='par_1_1' title="bbox 68 34 743 219">
     <span class='ocr_line' id='line_1_1' title="bbox 68 34 743 219; baseline 0 -3"><span class='ocrx_word' id='word_1_1' title='bbox 68 34 74 121; x_wconf 70' lang='lat' dir='ltr'>l</span> <span class='ocrx_word' id='word_1_2' title='bbox 285 124 743 219; x_wconf 66' lang='lat' dir='ltr'>Pronnoourum</span> 
     </span>
    </p>
   </div>
   <div class='ocr_carea' id='block_1_2' title="bbox 88 254 914 3236">
    <p class='ocr_par' dir='ltr' id='par_1_2' title="bbox 88 254 914 3137">
     <span class='ocr_line' id='line_1_2' title="bbox 109 254 914 376; baseline 0.005 -30"><span class='ocrx_word' id='word_1_3' title='bbox 109 254 262 373; x_wconf 80' lang='lat' dir='ltr'>busque</span> <span class='ocrx_word' id='word_1_4' title='bbox 282 269 545 349; x_wconf 86' lang='lat' dir='ltr'>monumentis</span> <span class='ocrx_word' id='word_1_5' title='bbox 564 265 690 376; x_wconf 86' lang='lat' dir='ltr'>(quae</span> <span class='ocrx_word' id='word_1_6' title='bbox 715 267 799 376; x_wconf 84' lang='lat' dir='ltr'>jam</span> <span class='ocrx_word' id='word_1_7' title='bbox 828 272 914 367; x_wconf 56' lang='lat' dir='ltr'>me?</span> 
     </span>
     <span class='ocr_line' id='line_1_3' title="bbox 114 373 910 482; baseline 0.009 -27"><span class='ocrx_word' id='word_1_8' title='bbox 114 373 377 482; x_wconf 76' lang='lat' dir='ltr'>mutavimus)</span> <span class='ocrx_word' id='word_1_9' title='bbox 408 377 524 460; x_wconf 77' lang='lat' dir='ltr'>luille</span> <span class='ocrx_word' id='word_1_10' title='bbox 551 379 694 460; x_wconf 87' lang='lat' dir='ltr'>tradita</span> <span class='ocrx_word' id='word_1_11' title='bbox 715 419 728 474; x_wconf 63' lang='grc' dir='ltr'><strong><em>ς</em></strong></span> <span class='ocrx_word' id='word_1_12' title='bbox 754 400 801 461; x_wconf 92' lang='lat' dir='ltr'>ut</span> <span class='ocrx_word' id='word_1_13' title='bbox 824 375 910 462; x_wconf 87' lang='lat' dir='ltr'>lane</span> 
     </span>
     <span class='ocr_line' id='line_1_4' title="bbox 115 484 910 597; baseline 0.009 -32"><span class='ocrx_word' id='word_1_14' title='bbox 115 486 313 592; x_wconf 86' lang='lat' dir='ltr'>antiquior</span> <span class='ocrx_word' id='word_1_15' title='bbox 326 484 380 579; x_wconf 82' lang='lat' dir='ltr'>est</span> <span class='ocrx_word' id='word_1_16' title='bbox 403 485 640 597; x_wconf 83' lang='lat' dir='ltr'>Lycophron</span> <span class='ocrx_word' id='word_1_17' title='bbox 653 487 729 582; x_wconf 86' lang='lat' dir='ltr'>,de</span> <span class='ocrx_word' id='word_1_18' title='bbox 738 491 910 597; x_wconf 75' lang='lat' dir='ltr'>quoiam</span> 
     </span>
     <span class='ocr_line' id='line_1_5' title="bbox 116 595 910 705; baseline 0.008 -29"><span class='ocrx_word' id='word_1_19' title='bbox 116 595 313 689; x_wconf 86' lang='lat' dir='ltr'>diximus,</span> <span class='ocrx_word' id='word_1_20' title='bbox 341 598 413 702; x_wconf 89' lang='lat' dir='ltr'>qui</span> <span class='ocrx_word' id='word_1_21' title='bbox 434 596 676 705; x_wconf 84' lang='lat' dir='ltr'>temporibus</span> <span class='ocrx_word' id='word_1_22' title='bbox 696 595 910 682; x_wconf 81' lang='lat' dir='ltr'>Ptolemaei</span> 
     </span>
     <span class='ocr_line' id='line_1_6' title="bbox 117 702 908 812; baseline 0.008 -28"><span class='ocrx_word' id='word_1_23' title='bbox 117 702 392 812; x_wconf 70' lang='lat' dir='ltr'>Philadelphi,</span> <span class='ocrx_word' id='word_1_24' title='bbox 429 703 506 788; x_wconf 79' lang='lat' dir='ltr'>stre</span> <span class='ocrx_word' id='word_1_25' title='bbox 536 708 649 789; x_wconf 85' lang='lat' dir='ltr'>circa.</span> <span class='ocrx_word' id='word_1_26' title='bbox 680 709 729 787; x_wconf 80' lang='grc' dir='ltr'>Λ.</span> <span class='ocrx_word' id='word_1_27' title='bbox 762 710 820 789; x_wconf 89' lang='lat' dir='ltr'>U.</span> <span class='ocrx_word' id='word_1_28' title='bbox 851 711 908 792; x_wconf 89' lang='lat' dir='ltr'>C.</span> 
     </span>
     <span class='ocr_line' id='line_1_7' title="bbox 114 810 909 926; baseline 0 -26"><span class='ocrx_word' id='word_1_29' title='bbox 114 840 204 920; x_wconf 83' lang='lat'>470.</span> <span class='ocrx_word' id='word_1_30' title='bbox 263 810 525 901; x_wconf 78' lang='lat' dir='ltr'>Alexandriae</span> <span class='ocrx_word' id='word_1_31' title='bbox 554 815 709 903; x_wconf 85' lang='lat' dir='ltr'>floruit:</span> <span class='ocrx_word' id='word_1_32' title='bbox 738 840 789 898; x_wconf 87' lang='lat' dir='ltr'>ex</span> <span class='ocrx_word' id='word_1_33' title='bbox 816 819 909 926; x_wconf 88' lang='lat' dir='ltr'>qui·</span> 
     </span>
     <span class='ocr_line' id='line_1_8' title="bbox 116 924 907 1026; baseline 0.008 -22"><span class='ocrx_word' id='word_1_34' title='bbox 116 925 184 1005; x_wconf 93' lang='lat' dir='ltr'>bus</span> <span class='ocrx_word' id='word_1_35' title='bbox 213 924 432 1005; x_wconf 79' lang='lat' dir='ltr'>Annalibus</span> <span class='ocrx_word' id='word_1_36' title='bbox 461 950 554 1008; x_wconf 85' lang='lat' dir='ltr'>mox</span> <span class='ocrx_word' id='word_1_37' title='bbox 584 926 730 1008; x_wconf 88' lang='lat' dir='ltr'>Fabius</span> <span class='ocrx_word' id='word_1_38' title='bbox 756 927 907 1026; x_wconf 75' lang='lat' dir='ltr'>Pistor,</span> 
     </span>
     <span class='ocr_line' id='line_1_9' title="bbox 113 1032 908 1145; baseline 0.009 -33"><span class='ocrx_word' id='word_1_39' title='bbox 113 1038 151 1112; x_wconf 73' lang='grc' dir='ltr'>δι</span> <span class='ocrx_word' id='word_1_40' title='bbox 175 1032 242 1114; x_wconf 89' lang='lat' dir='ltr'>alii</span> <span class='ocrx_word' id='word_1_41' title='bbox 259 1033 430 1118; x_wconf 72' lang='lat' dir='ltr'>nudiores</span> <span class='ocrx_word' id='word_1_42' title='bbox 450 1034 658 1145; x_wconf 76' lang='lat' dir='ltr'>gravissimi</span> <span class='ocrx_word' id='word_1_43' title='bbox 681 1037 747 1119; x_wconf 90' lang='lat' dir='ltr'>lua</span> <span class='ocrx_word' id='word_1_44' title='bbox 771 1037 908 1121; x_wconf 83' lang='lat' dir='ltr'>hause-</span> 
     </span>
     <span class='ocr_line' id='line_1_10' title="bbox 113 1143 910 1252; baseline 0.005 -27"><span class='ocrx_word' id='word_1_45' title='bbox 113 1163 218 1225; x_wconf 91' lang='lat' dir='ltr'>tunt.</span> <span class='ocrx_word' id='word_1_46' title='bbox 273 1143 402 1236; x_wconf 85' lang='lat' dir='ltr'>Paulo</span> <span class='ocrx_word' id='word_1_47' title='bbox 429 1148 583 1252; x_wconf 84' lang='lat' dir='ltr'>majoris</span> <span class='ocrx_word' id='word_1_48' title='bbox 612 1149 798 1228; x_wconf 90' lang='lat' dir='ltr'>momenti</span> <span class='ocrx_word' id='word_1_49' title='bbox 832 1148 910 1229; x_wconf 83' lang='lat' dir='ltr'>elie</span> 
     </span>
     <span class='ocr_line' id='line_1_11' title="bbox 114 1251 909 1364; baseline 0.003 -30"><span class='ocrx_word' id='word_1_50' title='bbox 114 1251 301 1347; x_wconf 85' lang='lat' dir='ltr'>videtur,</span> <span class='ocrx_word' id='word_1_51' title='bbox 331 1253 443 1363; x_wconf 93' lang='lat' dir='ltr'>quod</span> <span class='ocrx_word' id='word_1_52' title='bbox 480 1253 706 1337; x_wconf 86' lang='lat' dir='ltr'>Gronovius</span> <span class='ocrx_word' id='word_1_53' title='bbox 733 1256 791 1364; x_wconf 83' lang='lat' dir='ltr'>(p.</span> <span class='ocrx_word' id='word_1_54' title='bbox 817 1253 909 1362; x_wconf 80' lang='grc' dir='ltr'><strong>ιι.)</strong></span> 
     </span>
     <span class='ocr_line' id='line_1_12' title="bbox 112 1359 914 1458; baseline 0.002 -16"><span class='ocrx_word' id='word_1_55' title='bbox 112 1362 247 1458; x_wconf 92' lang='lat' dir='ltr'>dicit,</span> <span class='ocrx_word' id='word_1_56' title='bbox 278 1366 438 1448; x_wconf 83' lang='lat' dir='ltr'>Livium</span> <span class='ocrx_word' id='word_1_57' title='bbox 467 1361 701 1448; x_wconf 78' lang='lat' dir='ltr'>nonnosum</span> <span class='ocrx_word' id='word_1_58' title='bbox 729 1359 842 1445; x_wconf 83' lang='lat' dir='ltr'>fuiffe</span> <span class='ocrx_word' id='word_1_59' title='bbox 865 1389 914 1444; x_wconf 89' lang='lat' dir='ltr'>o-</span> 
     </span>
     <span class='ocr_line' id='line_1_13' title="bbox 112 1473 912 1582; baseline 0.004 -30"><span class='ocrx_word' id='word_1_60' title='bbox 112 1473 277 1582; x_wconf 81' lang='lat' dir='ltr'>riginem</span> <span class='ocrx_word' id='word_1_61' title='bbox 320 1475 484 1575; x_wconf 86' lang='lat' dir='ltr'>Romuli</span> <span class='ocrx_word' id='word_1_62' title='bbox 519 1476 571 1556; x_wconf 87' lang='lat' dir='ltr'>ad</span> <span class='ocrx_word' id='word_1_63' title='bbox 611 1475 804 1557; x_wconf 82' lang='lat' dir='ltr'>Venerem</span> <span class='ocrx_word' id='word_1_64' title='bbox 841 1498 912 1582; x_wconf 76' lang='lat' dir='ltr'>pte</span> 
     </span>
     <span class='ocr_line' id='line_1_14' title="bbox 114 1580 910 1695; baseline 0.003 -31"><span class='ocrx_word' id='word_1_65' title='bbox 114 1591 287 1666; x_wconf 78' lang='lat' dir='ltr'>Aeneam</span> <span class='ocrx_word' id='word_1_66' title='bbox 316 1585 490 1679; x_wconf 86' lang='lat' dir='ltr'>referre,</span> <span class='ocrx_word' id='word_1_67' title='bbox 517 1583 610 1667; x_wconf 89' lang='lat' dir='ltr'>licet</span> <span class='ocrx_word' id='word_1_68' title='bbox 638 1584 707 1666; x_wconf 86' lang='lat' dir='ltr'>snb</span> <span class='ocrx_word' id='word_1_69' title='bbox 743 1580 910 1695; x_wconf 76' lang='lat' dir='ltr'>Augusto</span> 
     </span>
     <span class='ocr_line' id='line_1_15' title="bbox 114 1691 908 1804; baseline 0.005 -32"><span class='ocrx_word' id='word_1_70' title='bbox 114 1691 152 1772; x_wconf 92' lang='lat' dir='ltr'>in</span> <span class='ocrx_word' id='word_1_71' title='bbox 182 1693 343 1803; x_wconf 82' lang='lat' dir='ltr'>Julianr</span> <span class='ocrx_word' id='word_1_72' title='bbox 370 1716 525 1804; x_wconf 84' lang='lat' dir='ltr'>gentem</span> <span class='ocrx_word' id='word_1_73' title='bbox 556 1722 624 1800; x_wconf 86' lang='lat' dir='ltr'>pet</span> <span class='ocrx_word' id='word_1_74' title='bbox 651 1693 908 1803; x_wconf 89' lang='lat' dir='ltr'>adoptionem</span> 
     </span>
     <span class='ocr_line' id='line_1_16' title="bbox 112 1802 912 1913; baseline 0.005 -31"><span class='ocrx_word' id='word_1_75' title='bbox 112 1804 252 1886; x_wconf 85' lang='lat' dir='ltr'>inserto</span> <span class='ocrx_word' id='word_1_76' title='bbox 264 1803 661 1913; x_wconf 72' lang='lat' dir='ltr'>scribere13quaegens</span> <span class='ocrx_word' id='word_1_77' title='bbox 673 1802 912 1912; x_wconf 84' lang='lat' dir='ltr'>genussuunt</span> 
     </span>
     <span class='ocr_line' id='line_1_17' title="bbox 113 1913 910 2022; baseline 0.006 -30"><span class='ocrx_word' id='word_1_78' title='bbox 113 1915 160 1994; x_wconf 90' lang='lat' dir='ltr'>ab</span> <span class='ocrx_word' id='word_1_79' title='bbox 175 1924 337 2020; x_wconf 82' lang='lat' dir='ltr'>¹Aenea,</span> <span class='ocrx_word' id='word_1_80' title='bbox 364 1921 403 1997; x_wconf 68' lang='grc' dir='ltr'>ὃ(</span> <span class='ocrx_word' id='word_1_81' title='bbox 425 1917 477 1996; x_wconf 87' lang='lat' dir='ltr'>ita</span> <span class='ocrx_word' id='word_1_82' title='bbox 499 1913 648 2022; x_wconf 82' lang='lat' dir='ltr'>abipsa</span> <span class='ocrx_word' id='word_1_83' title='bbox 677 1917 910 2014; x_wconf 88' lang='lat' dir='ltr'>Venere,ut</span> 
     </span>
     <span class='ocr_line' id='line_1_18' title="bbox 115 2022 911 2121; baseline 0.003 -20"><span class='ocrx_word' id='word_1_84' title='bbox 115 2022 353 2107; x_wconf 86' lang='lat' dir='ltr'>notiffimum</span> <span class='ocrx_word' id='word_1_85' title='bbox 373 2022 455 2121; x_wconf 86' lang='lat' dir='ltr'>est,</span> <span class='ocrx_word' id='word_1_86' title='bbox 474 2025 705 2106; x_wconf 84' lang='lat' dir='ltr'>deducebat.</span> <span class='ocrx_word' id='word_1_87' title='bbox 736 2024 836 2120; x_wconf 87' lang='lat' dir='ltr'>Sed,</span> <span class='ocrx_word' id='word_1_88' title='bbox 865 2043 911 2104; x_wconf 91' lang='lat' dir='ltr'>ut</span> 
     </span>
     <span class='ocr_line' id='line_1_19' title="bbox 113 2130 910 2239; baseline -0.001 -23"><span class='ocrx_word' id='word_1_89' title='bbox 113 2130 217 2228; x_wconf 85' lang='lat' dir='ltr'>dixi,</span> <span class='ocrx_word' id='word_1_90' title='bbox 250 2136 405 2239; x_wconf 82' lang='lat' dir='ltr'>majoris</span> <span class='ocrx_word' id='word_1_91' title='bbox 427 2135 614 2215; x_wconf 89' lang='lat' dir='ltr'>momenti</span> <span class='ocrx_word' id='word_1_92' title='bbox 627 2134 700 2215; x_wconf 87' lang='lat' dir='ltr'>elle</span> <span class='ocrx_word' id='word_1_93' title='bbox 721 2133 910 2235; x_wconf 61' lang='lat' dir='ltr'>uidetur,</span> 
     </span>
     <span class='ocr_line' id='line_1_20' title="bbox 112 2240 909 2328; baseline 0.004 -5"><span class='ocrx_word' id='word_1_94' title='bbox 112 2270 203 2326; x_wconf 88' lang='lat' dir='ltr'>cum</span> <span class='ocrx_word' id='word_1_95' title='bbox 223 2270 353 2327; x_wconf 86' lang='lat' dir='ltr'>revera</span> <span class='ocrx_word' id='word_1_96' title='bbox 375 2245 476 2328; x_wconf 92' lang='lat' dir='ltr'>nihil</span> <span class='ocrx_word' id='word_1_97' title='bbox 498 2248 624 2326; x_wconf 84' lang='lat' dir='ltr'>minus</span> <span class='ocrx_word' id='word_1_98' title='bbox 645 2240 909 2326; x_wconf 77' lang='lat' dir='ltr'>inhaccauffa</span> 
     </span>
     <span class='ocr_line' id='line_1_21' title="bbox 117 2354 910 2462; baseline -0.003 -26"><span class='ocrx_word' id='word_1_99' title='bbox 117 2354 183 2436; x_wconf 88' lang='lat' dir='ltr'>Cl.</span> <span class='ocrx_word' id='word_1_100' title='bbox 219 2354 425 2454; x_wconf 88' lang='lat' dir='ltr'>Gronovio</span> <span class='ocrx_word' id='word_1_101' title='bbox 454 2357 672 2437; x_wconf 89' lang='lat' dir='ltr'>conducere</span> <span class='ocrx_word' id='word_1_102' title='bbox 705 2355 873 2462; x_wconf 89' lang='lat' dir='ltr'>potuerit</span> <span class='ocrx_word' id='word_1_103' title='bbox 892 2416 910 2451; x_wconf 91' lang='lat'>,</span> 
     </span>
     <span class='ocr_line' id='line_1_22' title="bbox 115 2463 912 2570; baseline 0 -27"><span class='ocrx_word' id='word_1_104' title='bbox 115 2489 234 2570; x_wconf 81' lang='lat' dir='ltr'>quum</span> <span class='ocrx_word' id='word_1_105' title='bbox 253 2463 315 2549; x_wconf 89' lang='lat' dir='ltr'>vel</span> <span class='ocrx_word' id='word_1_106' title='bbox 326 2466 527 2565; x_wconf 85' lang='lat' dir='ltr'>minimam</span> <span class='ocrx_word' id='word_1_107' title='bbox 554 2464 661 2545; x_wconf 90' lang='lat' dir='ltr'>Livii</span> <span class='ocrx_word' id='word_1_108' title='bbox 673 2466 912 2546; x_wconf 89' lang='lat' dir='ltr'>mentionem</span> 
     </span>
     <span class='ocr_line' id='line_1_23' title="bbox 117 2573 911 2684; baseline 0.003 -31"><span class='ocrx_word' id='word_1_109' title='bbox 117 2573 260 2656; x_wconf 82' lang='lat' dir='ltr'>lacere:</span> <span class='ocrx_word' id='word_1_110' title='bbox 301 2577 450 2684; x_wconf 88' lang='lat' dir='ltr'>quippe</span> <span class='ocrx_word' id='word_1_111' title='bbox 479 2584 548 2684; x_wconf 92' lang='lat' dir='ltr'>qui</span> <span class='ocrx_word' id='word_1_112' title='bbox 573 2576 688 2659; x_wconf 91' lang='lat' dir='ltr'>initio</span> <span class='ocrx_word' id='word_1_113' title='bbox 716 2573 911 2657; x_wconf 87' lang='lat' dir='ltr'>Historia-</span> 
     </span>
     <span class='ocr_line' id='line_1_24' title="bbox 118 2681 910 2773; baseline 0.003 -13"><span class='ocrx_word' id='word_1_114' title='bbox 118 2707 203 2761; x_wconf 89' lang='lat' dir='ltr'>rum</span> <span class='ocrx_word' id='word_1_115' title='bbox 225 2683 372 2773; x_wconf 81' lang='lat' dir='ltr'>luarunt</span> <span class='ocrx_word' id='word_1_116' title='bbox 405 2685 657 2769; x_wconf 84' lang='lat' dir='ltr'>disertissimis</span> <span class='ocrx_word' id='word_1_117' title='bbox 677 2687 804 2768; x_wconf 89' lang='lat' dir='ltr'>verbis</span> <span class='ocrx_word' id='word_1_118' title='bbox 824 2681 910 2763; x_wconf 89' lang='lat' dir='ltr'>vul·</span> 
     </span>
     <span class='ocr_line' id='line_1_25' title="bbox 115 2792 912 2907; baseline 0.003 -34"><span class='ocrx_word' id='word_1_119' title='bbox 115 2817 246 2903; x_wconf 86' lang='lat' dir='ltr'>garem</span> <span class='ocrx_word' id='word_1_120' title='bbox 264 2799 489 2902; x_wconf 90' lang='lat' dir='ltr'>opinionem</span> <span class='ocrx_word' id='word_1_121' title='bbox 510 2796 778 2907; x_wconf 89' lang='lat' dir='ltr'>proponit,ne</span> <span class='ocrx_word' id='word_1_122' title='bbox 793 2792 912 2876; x_wconf 89' lang='lat' dir='ltr'>mini·</span> 
     </span>
     <span class='ocr_line' id='line_1_26' title="bbox 88 2899 911 3015; baseline 0.002 -29"><span class='ocrx_word' id='word_1_123' title='bbox 88 2903 102 2938; x_wconf 71' lang='lat'><em>¹</em></span> <span class='ocrx_word' id='word_1_124' title='bbox 116 2931 177 2986; x_wconf 89' lang='lat' dir='ltr'>ma</span> <span class='ocrx_word' id='word_1_125' title='bbox 200 2903 362 3015; x_wconf 91' lang='lat' dir='ltr'>quidem</span> <span class='ocrx_word' id='word_1_126' title='bbox 383 2905 590 2992; x_wconf 91' lang='lat' dir='ltr'>dubitandi</span> <span class='ocrx_word' id='word_1_127' title='bbox 612 2925 704 2987; x_wconf 89' lang='lat' dir='ltr'>nota</span> <span class='ocrx_word' id='word_1_128' title='bbox 721 2899 911 3014; x_wconf 75' lang='lat' dir='ltr'>apposita.</span> 
     </span>
     <span class='ocr_line' id='line_1_27' title="bbox 117 3013 910 3137; baseline -0.006 -37"><span class='ocrx_word' id='word_1_129' title='bbox 117 3013 225 3101; x_wconf 87' lang='lat' dir='ltr'>Nam</span> <span class='ocrx_word' id='word_1_130' title='bbox 248 3018 364 3130; x_wconf 91' lang='lat' dir='ltr'>quod</span> <span class='ocrx_word' id='word_1_131' title='bbox 384 3018 429 3104; x_wconf 91' lang='lat' dir='ltr'>in</span> <span class='ocrx_word' id='word_1_132' title='bbox 448 3013 699 3114; x_wconf 80' lang='lat' dir='ltr'>thesatiune</span> <span class='ocrx_word' id='word_1_133' title='bbox 715 3016 818 3106; x_wconf 90' lang='lat' dir='ltr'>dicit</span> <span class='ocrx_word' id='word_1_134' title='bbox 829 3015 910 3137; x_wconf 33' lang='lat' dir='ltr'>,ui-</span> 
     </span>
    </p>

    <p class='ocr_par' dir='ltr' id='par_1_3' title="bbox 796 3147 910 3236">
     <span class='ocr_line' id='line_1_28' title="bbox 796 3147 910 3236; baseline -0.044 0"><span class='ocrx_word' id='word_1_135' title='bbox 796 3147 910 3236; x_wconf 58' lang='grc' dir='ltr'>ἔωθε</span> 
     </span>
    </p>
   </div>
   <div class='ocr_carea' id='block_1_3' title="bbox 0 0 1033 3526">
    <p class='ocr_par' dir='ltr' id='par_1_4' title="bbox 0 0 1033 3526">
     <span class='ocr_line' id='line_1_29' title="bbox 0 0 1033 3526; baseline 0 0"><span class='ocrx_word' id='word_1_136' title='bbox 0 0 1033 3526; x_wconf 95' lang='lat' dir='ltr'> </span> 
     </span>
    </p>
   </div>
  </div>
 </body>
</html>
