2002 3554
156 126 240 197 016·
376 110 692 190 Hierone

163 284 297 361 Mirum
316 299 430 355 temen
448 274 596 367 nonest,
625 278 875 353 SenatumRo·

162 405 301 461 manum
325 379 357 452 se
382 377 483 451 rebus
497 373 625 449 horum
645 377 794 478 Regum
813 381 874 452 im·

165 479 347 566 miscuill'e,
372 500 452 550 cum
482 493 624 574 propter
639 479 784 575 antiqua
806 479 876 549 foe·

166 578 245 653 dem
273 578 414 675 Regum
443 574 479 646 in
503 571 670 676 Aegypto
687 599 807 650 curam
826 595 878 648 at·

145 742 149 749 .
168 700 237 775 que
248 675 389 749 tutelam
405 675 476 769 jem
487 671 800 772 anteususcepillet:
821 699 876 746 an-

169 798 217 849 no
232 776 322 846 enim
339 769 444 846 Urbis
457 767 734 867 quingentesimo
747 773 875 870 septua-

168 870 300 974 gesrmo
330 871 433 945 tertio
468 868 665 941 Ptolemaeo
698 872 873 967 Epiphane

169 989 330 1059 mortuo,
356 992 437 1040 cum
458 965 495 1037 ὃ(
510 966 706 1040 Antiochus
714 967 875 1068 Syriae&

170 1066 349 1165 Philippus
373 1063 595 1137 Macedoniae
622 1065 745 1165 Reges
761 1069 877 1163 Aegy·

171 1170 223 1265 pti
233 1189 338 1266 regno
348 1165 515 1237 inhiarent
523 1215 534 1249 ,
563 1162 791 1237 Alexandrini
801 1167 878 1238 Ro·

172 1287 351 1340 manorum
372 1286 471 1361 opem
489 1259 725 1357 implorarunt.
768 1263 879 1336 Minus

172 1361 221 1436 est
236 1387 277 1434 eo
298 1369 357 1434 M.
378 1364 537 1432 Aemilius
558 1362 723 1460 Lepidus,
749 1363 876 1458 quino·

173 1462 266 1534 mine
286 1459 406 1556 Populi
430 1458 582 1532 Romani
605 1459 749 1532 tutelam
773 1458 880 1557 Regis

173 1559 267 1659 pueri
291 1575 432 1657 gereret.
466 1555 583 1650 Quam
605 1574 720 1628 tamen
742 1557 880 1630 tutelam

172 1657 342 1731 absentem
375 1653 568 1753 Lepidum,
603 1650 640 1725 &
659 1656 795 1728 Romae
810 1655 879 1727 fere

173 1753 354 1852 degentem
386 1777 446 1849 per
477 1772 708 1848 procuratores
729 1754 876 1848 plerum·

175 1874 241 1950 que
258 1849 383 1949 gellille
402 1867 495 1947 puto.
532 1848 580 1921 Et
597 1849 878 1947 hancLeplditu-

175 1951 276 2023 telum
301 1947 448 2020 referunt
475 1946 627 2037 denarii,
662 1949 719 2046 qui
751 1947 794 2022 ab
819 1973 880 2021 una

176 2068 271 2147 parte
287 2067 387 2153 caput
398 2045 558 2116 muliebre
568 2049 730 2120 turritum
744 2047 879 2130 habent,

176 2169 257 2219 curn
286 2144 497 2237 inlcrlptinne
514 2147 752 2216 Alexandrea:
780 2146 820 2218 ab
836 2149 880 2221 al·

176 2263 249 2316 tera
277 2243 334 2315 M.
356 2240 524 2335 Lepidum
554 2261 713 2337 togatum
732 2245 883 2318 diadema

179 2343 269 2439 Regi
303 2338 547 2411 adolescentulo
582 2341 821 2434 imponentem
839 2363 882 2430 ἢ,

178 2462 259 2510 cum
284 2439 497 2531 inscriptione
535 2444 595 2506 M.
621 2443 767 2535 Lepidus
797 2451 884 2514 Pom⁸

180 2541 282 2605 Max.
305 2537 401 2604 Tutor
424 2543 499 2634 Reg.
521 2541 552 2602 S.
568 2540 606 2607 C.
660 2538 770 2632 Quod
798 2545 885 2613 enim

179 2633 412 2704 Tacitusdicit
430 2633 447 2690 b
465 2685 477 2719 ‚
498 2633 678 2705 Ptolemaei
691 2637 887 2712 liberismis·

178 2728 250 2804 sum
273 2750 418 2805 tutorem
451 2730 639 2828 Lepidum,
675 2757 803 2811 notum
821 2738 889 2827 est,

779 2837 889 2909 liberos

211 3006 231 3049 ι
249 2989 370 3049 l’aillaent.
391 2989 453 3063 niss.
475 2991 540 3049 Ptol.
554 2988 633 3071 p.87.
650 3010 684 3058 ο
697 2995 747 3058 alii
761 3000 856 3063 multi·

9 3074 118 3297 N
213 3065 358 3133 unum
373 3075 445 3130 nu.
461 3070 536 3140 em.
