2002 3554
133 108 275 237 {zio
365 137 675 215 Hierum

158 298 354 398 (plebeium
381 297 475 373 fuisse
495 299 719 376 Volumnium
733 317 860 375 notan·

155 394 237 469 dum
252 396 326 484 est)
347 420 465 471 verum
488 400 589 472 etiam
603 398 745 495 rogasse,
766 400 863 492 sarie'

153 493 268 591 selvae
291 521 340 567 res
365 499 399 566 ie
423 502 548 568 Samnio
575 503 697 589 effert?
731 497 861 593 Qeeve

160 598 262 686 cauffo
285 618 377 681 erun,
401 614 434 663 ur
443 600 607 692 provincia
615 595 672 688 sue
686 597 862 685 excederet,

162 684 356 780 induxrffess
388 688 545 786 Cumque
564 689 793 782 Volumnius,
815 717 862 761 res

162 794 198 859 in
213 794 339 859 Samnio
347 789 506 887 prosperas
520 794 596 879 effe,
631 790 784 884 literisque
800 793 865 887 ejus

163 890 295 957 aarum
320 887 429 977 veniffe
456 885 698 982 respondisti,
724 893 758 976 se
787 885 867 956 nihil

164 1009 234 1056 eum
257 991 397 1068 merari,
430 990 505 1077 quin
526 1005 750 1073 reverteretur,
776 983 870 1076 adie-

168 1082 232 1159 cit.
257 1079 483 1181 Reversusque
512 1079 620 1155 fuiiiet
645 1081 869 1168 Volumnius,

169 1178 231 1254 nifi
275 1179 376 1279 legati
415 1175 608 1279 tribunique
639 1204 684 1252 ex
712 1180 870 1277 Appiano

169 1279 322 1351 exercitu
337 1276 545 1352 obstitissent.
571 1277 668 1374 Ergo
687 1280 812 1350 invitus
820 1279 872 1348 fe·

171 1398 209 1447 re
235 1376 370 1475 Appius
393 1378 429 1449 in
452 1378 557 1449 aciem
573 1371 759 1475 protra&us
773 1373 873 1447 forti·

172 1491 226 1547 ter
253 1495 363 1547 tamen
388 1477 578 1572 pugnavit,
611 1476 657 1546 ite
683 1492 720 1545 ut
738 1472 876 1571 egregie

172 1568 313 1644 viaoria
334 1571 496 1659 Consules
519 1570 701 1668 potitismt.
726 1568 877 1645 Volum-

177 1666 282 1738 nius²
303 1669 430 1762 magnis
447 1668 620 1761 itineribus
639 1667 801 1764 regreisus
812 1667 877 1738 ho·

179 1759 241 1831 stes
282 1785 399 1858 agrum
437 1764 650 1860 Campanum
685 1764 882 1864 populantes

177 1857 312 1944 caedit;
346 1860 559 1957 captiuosque
588 1862 741 1951 multos,
777 1862 813 1934 ὃ(
830 1863 883 1932 in·

180 1977 318 2055 gentem
337 1957 490 2054 praedam
505 1957 671 2033 sociorum
687 1961 729 2032 ab
747 1963 783 2032 iis
796 1959 883 2031 reci·

182 2054 261 2152 pit:
296 2078 395 2151 atque
417 2057 494 2129 inde
517 2057 556 2129 ad
583 2061 720 2130 comitia
736 2059 885 2130 Romam

27 2157 175 2236 A.v.458.
184 2153 328 2226 reversus
343 2154 482 2227 Fabium
493 2156 541 2229 V.
554 2158 701 2230 Decium
712 2154 778 2230 IV.
788 2154 889 2226 Con·

8 3214 133 3329 'rx

186 2251 267 2324 sules
291 2275 393 2342 creat,
413 2254 431 2310 b
450 2253 555 2326 tribus
583 2257 644 2347 jam
665 2250 889 2324 consulatibus

185 2348 222 2420 &
246 2348 378 2420 censura
402 2352 574 2449 collegese
611 2353 668 2447 qui
697 2375 764 2421 non
781 2349 890 2446 gloria

188 2449 293 2541 magis
307 2471 436 2536 rerum,
461 2472 545 2546 quae
561 2448 757 2543 ingemeret
769 2470 891 2542 ,quam

187 2543 367 2616 concordia
380 2546 458 2616 clari
475 2547 610 2618 fuerunt
641 2561 667 2613 t.
694 2546 818 2641 Populi
831 2545 892 2617 Se·

188 2641 349 2738 natusque
364 2642 520 2715 consensu
541 2641 645 2713 Fabio
664 2641 797 2716 Etruria
814 2666 892 2738 pro·

189 2743 314 2823 vincia¹
329 2762 423 2814 extra
443 2741 596 2812 ordinem
612 2739 745 2813 decreta
762 2737 827 2822 est3
853 2738 894 2806 li·

193 2860 250 2912 cet
275 2839 397 2937 plebeji
425 2835 574 2910 aueiores
600 2836 731 2910 fuissent
758 2833 894 2919 Decio,

196 2957 237 3012 ut
254 2937 500 3011 remediortem
510 2937 701 3019 revocaret„
717 2927 898 3006 Profeeius

761 3028 770 3058 ⁸
856 3028 900 3103 ad

236 3153 335 3217 auid.
349 3173 424 3219 ezo.
454 3153 480 3216 -b
498 3155 563 3240 ibid.
580 3169 653 3240 ⁶2²²·
690 3167 707 3214 c
726 3149 791 3216 uie.
808 3164 883 3230 5924.
