2002 3554
10 199 14 205 -
109 144 266 224 Raraunss
293 147 455 223 Roman.
481 147 556 221 Lm.
575 147 620 221 ΙΙ.
653 100 740 246 ,2o5
772 179 774 182 ·

44 308 229 412 subjugum
239 308 340 382 mifit.
353 307 477 380 Praeda
486 309 602 406 ingens
610 309 655 382 ibi
664 334 744 408 cap·
759 301 762 305 ’

35 427 99 482 -taz
126 427 262 504 recepta
287 406 376 572 fipna
402 430 575 502 armaque,
608 432 689 504 quae
703 408 745 480 ad

37 504 218 576 Caudium
239 504 301 574 ami
317 520 429 599 erant}
450 503 506 592 dr,
523 503 613 601 quod
634 508 746 595 omnia
773 570 775 574 a

48 603 220 697 superabat
234 598 370 700 gaudia,
396 603 579 697 recuperati
597 600 749 694 Equites,

49 724 133 793 quos
156 703 295 798 pignora
311 699 397 794 pacis
417 698 747 771 Romanidederant.

51 796 201 887 Qridam
226 796 349 868 addunt
370 795 529 869 Pontium
548 795 750 870 Samnitium

54 896 293 988 imperatorem
318 917 396 964 cum
425 895 543 966 ceteris
559 891 752 990 subjugum

53 993 195 1065 millum.
232 991 430 1088 Disputatur
448 996 548 1063 etiam
563 1015 603 1061 an
621 995 658 1059 L.
670 999 750 1063 Cor·

55 1089 336 1177 aeliusDidlator‚
362 1111 441 1159 cum
461 1087 503 1158 L.
516 1089 650 1185 Papirio
662 1087 751 1160 Cur·
859 1156 862 1161 .

55 1186 125 1259 sore
142 1185 307 1283 Magistro
329 1183 494 1272 Equitum
512 1186 567 1257 has
589 1208 637 1255 res
646 1183 754 1284 gesse·

31 1286 130 1358 rit:
163 1307 203 1353 an
238 1306 319 1354 vero
351 1279 535 1354 Consulum
570 1285 756 1378 Papiriique
834 1300 837 1305 ·

59 1383 275 1476 praecipuum
310 1379 377 1450 hoc
402 1378 502 1450 decus
530 1379 638 1450 fuerit.
690 1379 756 1449 Sed

51 1477 149 1552 *Fasti
172 1476 407 1572 Triumphales
431 1475 677 1573 Eutropiusque
694 1478 776 1548 Pa:

60 1576 150 1675 pirio
176 1572 310 1645 Cursori
322 1568 404 1645 'eam
425 1575 565 1672 gloriam
584 1573 761 1646 tribuunt:

62 1691 165 1769 quem
180 1669 291 1743 saltem
308 1670 508 1760 certumest,
535 1668 780 1768 praeliantiffis

63 1787 156 1844 inum
176 1766 760 1867 hoc'temporulmperatoremfuille.

64 1868 195 1957 Eodem
219 1890 305 1939 anno
331 1866 514 1938 Consulum
552 1868 633 1938 alter
655 1867 772 1939 Satri·v
905 1944 907 1949 ¹

66 1990 144 2040 cum
169 1967 320 2060 recepit,
354 1964 409 2034 ubi
425 1963 508 2035 duae
525 1963 681 2034 fadliones
700 1963 762 2035 Se·
816 2017 818 2023 .

67 2083 182 2136 natum
208 2061 449 2143 distinueran13
478 2058 530 2129 sed
553 2079 691 2152 utraque
714 2077 765 2126 ta·
866 2136 869 2145 ,

69 2185 148 2234 men
170 2157 211 2228 ad
236 2156 511 2227 reconciliandam
535 2177 651 2248 pacem
668 2152 766 2223 Con·

69 2257 128 2332 suli
138 2279 271 2352 operam
280 2273 483 2324 navaverunt
503 2269 518 2310 a
541 2275 549 2321 ε
576 2252 768 2346 itaquepars

72 2355 195 2440 altera,
213 2375 295 2447 quae
305 2350 509 2425 Samnitibus
519 2345 767 2437 faverat‚Cons

75 2452 137 2526 suli
160 2451 346 2538 enunciat,
378 2472 441 2544 qua
456 2446 581 2535 nodis,
607 2448 707 2531 lrora5
732 2448 770 2518 &
881 2478 883 2482 ⁴

101 2574 140 2620 ua
157 2548 210 2620 via
229 2545 426 2643 praesidium
439 2571 553 2618 eorum
565 2543 771 2617 ell'entemil·

74 2575 161 2731 luri:
181 2644 297 2727 altera,
310 2640 720 2740 quibusinvitisdesciturd
730 2640 771 2712 ad

76 2744 239 2819 Samnites
262 2760 355 2830 erat,
380 2743 479 2812 etiam
500 2761 629 2838 portam
643 2739 774 2808 Consu·

74 2843 99 2916 li
124 2856 352 2937 aperuerunt.·
369 2837 485 2932 Iraque
513 2837 639 2932 duplici
662 2831 775 2927 prodi·

76 2941 170 3014 tione
185 2935 349 3008 Samnites
366 2931 440 3007 sunt
457 2929 608 3030 oppreffi.
634 2929 776 3002 Satrica-

582 3094 585 3099 .
635 3048 777 3119 norum,

116 3167 133 3211 a
150 3151 215 3215 lbid.
232 3172 252 3217 c.
267 3152 310 3216 16.
