2002 3554
20 195 24 202 ·
123 157 287 239 Rurruu.
309 151 474 234 Romnu.
497 150 638 230 Linll.
689 156 760 258 373.

64 319 182 398 relisto
213 337 337 432 nepote
365 317 539 416 impubere
562 326 760 419 Hierorpmn

66 419 150 517 Ejus
172 424 346 516 ingenrum
370 416 411 490 ad
433 413 552 489 cunua
569 420 649 492 vitia
663 417 761 492 facile

66 517 352 613 praecipitandum
378 513 582 612 prospiciens
603 540 683 588 avus
698 541 761 587 vo·

67 612 158 686 luiffe
173 613 296 688 dicitur
318 611 426 684 liberas
445 614 601 712 Syracusas
608 616 763 710 relinque·

67 737 110 780 re.
163 710 230 785 Sed
256 711 407 809 precibus
428 708 572 784 filiarum
588 729 699 784 motus
713 707 763 780 se*
820 747 822 756 ·

68 832 132 880 nex
149 812 385 906 nonagenarius
408 809 507 900 (iliae
525 810 614 880 enim
633 830 761 880 nomen

67 907 203 1002 quidem
229 909 360 1004 regium
383 931 484 1004 penes
508 929 650 1004 puerum
668 904 761 976 futu·

68 1026 142 1076 rum
164 1003 340 1094 rebantur,
372 1007 523 1101 regimen
538 1006 691 1076 omnium
707 1025 758 1073 re·

67 1117 142 1176 rum
176 1126 275 1199 penes
294 1099 348 1191 se,
372 1093 524 1201 virosque
538 1100 612 1173 suos
628 1098 761 1170 *Andro-

68 1202 215 1272 nodorum
236 1198 272 1270 &
303 1202 454 1284 Zoilum)
478 1220 604 1271 tutores
618 1221 758 1273 numero
815 1287 817 1291 ‚
916 1236 945 1270 η

67 1298 259 1394 quindecim
281 1319 386 1390 puero
402 1295 548 1394 reliquit,
563 1293 665 1366 fidem
683 1318 763 1393 erga

69 1395 237 1493 Populum
268 1395 464 1465 Romanum
487 1390 562 1487 ipsis
587 1416 762 1463 commen-

69 1495 159 1566 dans.
193 1492 337 1563 Mortuo
364 1492 518 1565 Hierone
535 1489 763 1562 Andronodo·

71 1615 125 1663 rus
140 1588 280 1662 tutelam
295 1590 326 1659 se
347 1587 514 1682 deponere
532 1586 701 1671 fimuians,
715 1586 764 1658 r&

70 1693 157 1786 regni
173 1694 242 1784 jam
261 1707 416 1785 potentem
437 1684 658 1776 effediffitans
674 1684 763 1756 Hie·
839 1747 844 1759 .

70 1785 276 1884 ronymum‚
309 1784 343 1854 in
365 1781 397 1853 se
420 1806 524 1854 unum
543 1785 698 1854 omnium·
713 1783 765 1857 vi·

71 1909 123 1957 res
149 1882 325 1954 convertit.
379 1879 473 1952 Nam
497 1879 673 1972 reliquerat
688 1878 786 1977 qui-f

72 1985 170 2068 dem,
196 1997 235 2051 ut
259 1976 425 2064 diximus,
450 1977 642 2076 quindecim
660 2001 765 2073 puero

72 2098 201 2150 tutores
234 2073 372 2159 Hiero,
402 2073 456 2145 sed
488 2096 529 2143 ex
553 2074 657 2147 tribus
678 2076 766 2145 inter

72 2199 129 2248 eos
144 2170 329 2268 praecipuis
349 2168 611 2241 Andronodorus
628 2171 663 2240 &
679 2171 763 2242 Zoi-

72 2277 121 2348 ius
143 2269 188 2342 ad'
203 2269 348 2354 Poenos,
373 2269 489 2340 tertius
505 2266 621 2360 Thraso
636 2268 676 2339 ad
686 2271 765 2338 Ro-

73 2393 187 2445 manos
212 2363 404 2440 tendebant.
456 2364 584 2438 Verum
601 2365 766 2436 indicatur

72 2468 193 2543 eodem
217 2467 370 2558 tempore
394 2462 431 2535 in
453 2482 627 2559 tyrannum
644 2464 763 2559 conju·

72 2568 181 2646 ratio,
223 2560 370 2631 &inter
398 2559 547 2631 conscios
574 2558 764 2645 nominatus
798 2586 799 2591 ¹

72 2659 205 2734 Thraso
223 2655 567 2753 externpiosuppiicio
576 2655 717 2728 traditur
741 2671 767 2722 a.

15 2783 18 2788 ·
73 2760 194 2856 Itaque
216 2777 298 2825 mox
321 2756 514 2826 aRomanis
530 2753 570 2824 ad
591 2751 769 2823 Hanniba·

72 2859 141 2931 lem
156 2851 275 2925 deficit
290 2851 518 2949 Hieronymus
537 2849 555 2905 b
576 2853 593 2917 ε’
614 2847 666 2916 sed
688 2870 768 2943 pau-

74 2957 108 3028 lo
132 2950 207 3051 post
233 2951 469 3045 asconjuratis·
494 2943 620 3018 occisus
638 2941 706 3028 est,
731 2941 768 3013 ὃ(

385 3048 443 3117 Aa
467 3073 494 3143 4¹
673 3040 770 3138 Syra·
844 3066 847 3070 ·

31 3243 35 3249 ι
112 3164 452 3241 πΡοὶφὺ,οκι,ἰεμῐ.υ.ι.
489 3154 665 3220 bibiano.
721 3176 727 3183 ·
