2002 3554
243 161 711 245 Pronnoomnnm

79 311 272 396 terrogat,
301 315 368 369 cur
399 284 505 367 nulla
535 313 583 368 ex
612 285 771 394 triginta
791 285 873 372 issis

76 402 246 484 coloniis
269 399 371 481 Alba
393 396 575 479 <redueris
594 399 749 502 paribus
764 396 873 480 insti·

80 513 174 594 rutis
192 538 235 590 ac
255 514 384 591 Roma
410 505 570 587 fundata
600 503 751 589 fucrit?
781 510 873 619 quis

29 684 32 689 .
78 621 189 704 Deus
208 649 230 702 e
248 618 426 702 machina
452 616 527 695 hoc
548 615 649 700 Viro
671 616 740 698 Cl.
768 622 873 703 indi·

40 810 44 819 ,
77 731 210 827 cavit,
237 727 411 809 instituta
428 750 566 832 nempe
582 752 709 809 earum
732 728 870 811 civita·

77 864 163 924 tum
185 839 297 945 plane
326 867 348 918 a
375 841 642 916 Romanorum
681 834 894 920 institutio.

76 947 229 1031 diversa
239 945 378 1028 fuisse?
393 946 455 1026 An
474 971 515 1024 ea
526 946 655 1027 omnia
673 946 872 1055 perspesta

80 1059 294 1143 habemus?
322 1057 425 1157 unde
448 1054 574 1137 lesia?
596 1056 664 1136 ubi
683 1058 867 1141 inventa?

76 1168 133 1253 Et
148 1167 271 1251 musra
281 1168 411 1274 potius
423 1164 737 1249 habuissefimilia
748 1188 866 1274 pater,

76 1270 471 1389 quodDis'satorem,
500 1277 609 1383 quod
629 1275 792 1358 Patrem
792 1295 870 1386 pa-

76 1408 227 1474 tratum
248 1410 288 1485 a,
317 1386 426 1494 quod
445 1385 517 1466 alia
532 1410 709 1491 aequenc
722 1389 870 1471 Roma-

79 1500 119 1579 ni
136 1500 252 1577 etiam
275 1494 372 1574 olim
396 1492 538 1575 Albani
559 1494 795 1579 habuerunt:
824 1518 870 1582 ut

74 1605 190 1714 plura
220 1605 370 1684 mittam
389 1603 411 1694 ,’
432 1630 531 1711 quae
555 1605 604 1684 de
632 1631 676 1685 ea
713 1633 751 1685 re
786 1607 871 1692 dici

78 1712 234 1822 possint.
291 1713 415 1822 Igitur
445 1714 652 1796 recrevit
690 1713 757 1795 Ci.
788 1744 867 1810 ea,

77 1847 179 1930 quae
202 1823 243 1904 in
263 1822 434 1905 medium
457 1824 645 1930 protulit,
675 1824 871 1934 vocatsu·

67 1932 291 2040 spiciatur,
320 1932 425 2037 (ead.
448 1950 494 2041 p.
517 1961 582 2030 ²3·
600 1929 667 2042 f.)
696 1935 733 2016 8ι
760 1936 868 2017 docu-

77 2048 201 2123 men'ta
213 2039 441 2155 subobscura
454 2064 539 2153 pag.
552 2046 615 2154 sq.
638 2040 731 2125 licet
747 2047 868 2126 eriam

74 2148 195 2233 facile
226 2151 300 2261 ipsr
330 2153 574 2243 concedam,
615 2179 705 2232 cum
743 2153 867 2236 eadem

9 2362 12 2367 Ι
73 2277 158 2368 pag.
192 2285 343 2370 raptum
373 2260 600 2344 Sabinarum
626 2263 668 2340 in
701 2261 869 2346 dubium

80 2389 219 2468 vocar,
247 2373 286 2452 in
309 2400 353 2452 ea
387 2368 547 2452 historia
575 2372 716 2463 multa,
749 2397 793 2453 ut
822 2371 870 2454 sit

32 2572 37 2580 ‚
75 2476 117 2556 in
137 2479 434 2588 antiquissimi&
462 2506 550 2560 vera
572 2476 672 2561 farsis
691 2479 870 2567 admixta

76 2584 203 2668 fuisse.
257 2591 346 2695 Jam
368 2605 459 2698 pag.
486 2616 549 2692 ²4·
577 2587 790 2671 nominasse
820 2621 865 2673 o·

76 2698 345 2801 pornnrissos
373 2699 556 2805 annquos
592 2723 668 2775 non
699 2724 870 2807 paucos,

65 2807 148 2913 ·qui
187 2807 438 2916 scripserint,
474 2803 693 2887 Romulum
729 2810 869 2895 incerti

64 2911 868 3021 mmmffimmfflmwmmm

61 3018 189 3111 fratre
202 3032 344 3113 ¹Remo
361 3024 403 3107 in
424 3023 576 3109 ltaliam
604 3030 870 3113 tr'ansve&um

6 3156 227 3344 msto.
249 3156 277 3225 Ι.
300 3175 350 3241 24.
610 3224 614 3232 ,
777 3136 870 3224 fuis·
