2002 3554
242 131 301 238 ‚38
461 132 769 211 Htr'ronr'n

249 299 458 398 ‘Dionyfium
496 296 534 369 &
578 297 669 384 alios]
697 296 799 370 secuti
846 299 976 396 capite.

254 397 466 497 praecedenti
492 396 648 470 diximus.
717 396 849 470 Verum
882 399 957 494 qui.-

239 581 240 585 Ἴ
254 496 333 570 dem
347 495 395 569 est
410 519 453 569 ex
468 495 663 594 fragmentis
684 492 875 565 Tabularum
892 491 974 568 Ca?

248 599 447 695 pitolinaram
462 616 619 692 apparere
630 644 640 679 ,
652 589 823 665 aeriorem
839 614 957 666 eorum

256 691 417 781 statuille,
442 713 519 764 eum
528 689 629 762 Prisci
646 687 958 764 fuislefiliuszed

256 791 386 886 potius,
411 790 542 861 eumin
555 813 591 861 te
612 785 833 885 antiquissima
851 786 959 886 cespi-

256 886 337 961 tasse
350 884 570 974 crediderim,
597 908 697 983 quam
717 902 756 958 ut
765 909 879 958 manus
887 911 958 959 non

256 984 334 1059 dem
356 987 561 1086 argumentis
583 982 740 1074 invidis,
772 981 892 1078 quibus
914 979 958 1055 il-

256 1083 340 1172 lud,
366 1082 457 1182 quod
471 1083 568 1157 ‘dixit
585 1132 597 1174 ,
630 1081 743 1155 firmat
760 1078 959 1178 Dionyfius.

258 1182 330 1253 Hic
346 1181 455 1256 statim
471 1200 637 1281 regrum,
658 1180 749 1277 quod
759 1180 872 1252 invitis
882 1203 961 1253 ona-
989 1213 990 1216 ¹

258 1279 356 1353 nibus
381 1279 683 1376 bonirarripuerat
697 1294 732 1364 ²,
759 1278 793 1347 in
818 1276 961 1348 manife-

259 1377 342 1449 stam
356 1376 565 1474 tyrannidem
574 1376 676 1446 vertit
692 1372 845 1446 satellitio
856 1373 961 1446 auda-

258 1473 463 1546 cillimorum
503 1471 680 1544 hominum
720 1469 781 1543 fibi
815 1468 959 1546 adscito:

260 1571 352 1641 Mox
382 1567 607 1644 illustriffimos
638 1592 784 1667 quosque
804 1567 961 1642 falsorum

258 1668 437 1738 criminum
452 1667 622 1741 damnatos
637 1669 716 1740 alios
732 1684 867 1757 morte,
882 1665 962 1739 alios

167 1801 171 1811 ·
259 1764 363 1836 exilio
382 1765 554 1852 multavit;
580 1789 622 1836 ex
641 1766 738 1837 bonis
755 1787 874 1836 eorum
888 1767 962 1836 exi·

259 1884 360 1958 guam
380 1861 540 1958 quandam
556 1866 748 1959 portionem
765 1860 965 1936 delatoribus

261 1958 429 2050 tribuent,
456 1961 589 2057 reliquis
608 1960 666 2033 sabi
676 1962 807 2032 assertis.
859 1960 961 2032 Multi

261 2058 363 2130 etiam
379 2059 513 2155 sponte,
538 2077 714 2156 antequam
734 2056 855 2154 iniquis
868 2055 961 2154 judi·

261 2155 322 2228 ciis
340 2155 483 2255 oppreffi
500 2159 546 2229 rei
563 2175 819 2256 peragerentur,
843 2154 962 2228 urbem

261 2271 402 2350 tyranno
426 2255 637 2351 reliquerunt.
686 2256 823 2327 Senatus
843 2274 964 2325 nume·

261 2374 338 2422 rum
356 2354 534 2447 praecipue
558 2352 754 2439 imminuit,
781 2349 962 2447 statuitque

262 2447 371 2517 nullos
388 2450 423 2518 in
442 2469 550 2542 patres
568 2450 700 2548 legere,
725 2473 793 2547 quo
811 2450 961 2544 paucita-

261 2562 299 2612 te
314 2541 379 2638 ipsa
397 2546 481 2616 ordo
496 2551 726 2643 contemptior
741 2546 831 2618 ellat.
865 2543 964 2618 Nam

263 2657 332 2709 tarn
351 2642 484 2740 augusta
502 2669 677 2740 procerum
693 2643 831 2718 conlilia
846 2659 961 2738 tyran·

264 2739 313 2809 nis
327 2735 456 2836 semper
470 2742 566 2815 exosa
579 2742 670 2815 sunt:
682 2742 769 2816 unde
776 2743 878 2812 etiarn
886 2745 963 2810 Aa·

255 2835 358 2935 gustus
376 2837 587 2935 imperator,
618 2839 726 2940 specie
743 2839 897 2937 quidem,
923 2857 963 2913 ut

263 2935 446 3010 molestiam
470 2938 594 3012 ordinis
616 2939 782 3018 Senatorii
809 2937 965 3024 levaret,

908 3029 966 3111 sed

264 3167 280 3211 a
299 3154 378 3216 Dion.
395 3156 513 3223 aalma.
530 3161 609 3232 n410'

53 3253 91 3335 x
137 3253 140 3260 .
