2002 3554
51 3188 164 3351 43

263 151 312 228 80
469 151 764 228 Hierum*

268 336 346 394 runt
365 317 538 392 horrendis
549 317 703 404 somniis,
727 314 902 390 ficredere
918 317 961 392 Ιίά

265 437 339 502 eet,
363 419 486 490 moniti
501 436 534 488 ².
586 412 713 488 Consul
729 410 816 508 jnffie
839 416 960 489 indici·

263 514 344 599 bus,
370 535 409 590 ut
422 539 501 589 eum
518 512 697 607 coniuratis
710 512 798 584 circa
811 512 958 587 mediam

261 611 398 686 nodlem
420 614 457 684 in
478 612 590 684 forum
611 610 830 684 convenirent
844 610 883 680 b'e
905 631 959 684 at-

262 734 329 808 que
348 709 395 783 ibi
411 708 626 782 illosarmatis
647 704 895 798 circumdedit,
920 705 959 782 ὅ(
970 739 972 742 ⁴

261 831 323 906 per
336 807 470 880 littores
488 805 668 880 interfecit.
805 826 807 830 ⁴

312 905 356 978 A.
377 903 425 979 V.
443 926 526 1003 255.
556 903 700 978 Fidenae
722 901 855 976 tandem
875 902 974 1000 post'

260 1002 453 1077 diuturnam
488 1001 695 1076 oblidionem
721 1026 740 1073 a
768 1000 816 1074 Τ.
835 997 958 1074 Lartio

262 1099 409 1172 Consule
423 1122 539 1198 captae
561 1099 655 1190 sunt3
681 1100 719 1172 &
742 1099 778 1170 in
792 1096 958 1188 defed'tio·

261 1200 311 1271 nis
325 1197 734 1272 audioresanimadversum
751 1194 854 1268 fuitc.
887 1195 959 1272 Sed·

260 1321 340 1369 eum
366 1297 448 1370 hinc
473 1296 675 1370 Latinorum
692 1294 957 1392 metuaaugerffl

259 1413 317 1467 tur
342 1418 420 1468 eum
446 1394 637 1489 Tarquiniis
660 1391 782 1491 uiginti
810 1411 955 1486 quatuor

260 1490 375 1566 Latini
404 1491 549 1563 nominis
569 1510 687 1590 gentes
703 1489 760 1560 *in
779 1485 957 1584 Romanos

256 1589 493 1676 conjurarunt:
519 1586 618 1674 &‚ni
633 1613 653 1661 a
666 1586 954 1686 lolitaarrogantia

222 1743 226 1754 .
256 1683 482 1770 remifillent,
514 1683 639 1757 bellum
663 1685 702 1756 iis
726 1683 841 1756 minati
865 1686 955 1758 sunta*

258 1779 348 1865 (Sed
363 1780 495 1852 videtur
517 1781 599 1856 haec
613 1780 729 1855 eadem
750 1779 845 1854 luille
866 1805 953 1855 con-

251 1879 379 1974 juratio
393 1900 431 1949 ac
456 1901 514 1967 ea,
538 1879 581 1951 de
596 1904 660 1978 qua
674 1878 714 1951 ad
738 1879 782 1950 A.
803 1901 881 1975 252.
906 1903 952 1952 ex

252 1975 346 2048 Livii
371 1981 413 2047 L.
429 1999 482 2046 11.
508 2003 535 2048 c.
555 1973 609 2049 18.
634 1976 761 2050 didium
776 1977 848 2064 est)
872 1976 951 2050 Ro·

252 2075 343 2146 mani
373 2072 495 2146 bellurn
525 2072 766 2173 suscipiendum
785 2072 951 2149 decrevea'

252 2192 353 2260 runt3
379 2194 566 2269 quanquam
584 2175 684 2246 etiam
698 2168 791 2243 dorni
812 2172 859 2246 ob
876 2171 950 2246 foe·

251 2289 443 2341 neratorum
472 2271 704 2368 impotentiam
729 2269 858 2366 ingenti
883 2268 949 2342 dis·

218 2389 220 2393 ⁴
250 2364 364 2436 cordia
387 2367 499 2434 omnia
523 2364 699 2463 flagrarent
716 2363 757 2452 ὂς
796 2387 876 2438 curn
901 2375 947 2442 L.

249 2463 390 2530 Valerius
405 2459 597 2555 Poplicolae
611 2462 711 2536 frater
725 2462 844 2558 Populi
868 2464 948 2538 ino·

247 2556 336 2652 piam
357 2551 547 2629 debitorum
571 2559 755 2635 remiffione
776 2557 947 2637 sublevan-

247 2653 323 2722 dam
348 2650 411 2722 elle
435 2652 581 2727 censeret
600 2688 613 2745 3
645 2660 713 2756 Ap.
735 2678 816 2730 vero
839 2657 945 2735 Clau·

217 2741 318 2822 *dius
340 2747 469 2844 prolixa
491 2753 643 2827 oratione
659 2758 695 2827 in
717 2755 841 2829 Senatu
857 2779 943 2830 cou-

244 2843 750 2927 nariumsuadereconareture:
771 2853 941 2950 atquehac

384 2963 391 2976 “
788 3000 791 3007 -
875 2974 942 3026 oc·

242 3091 259 3136 a
277 3081 353 3143 Dion.
373 3090 433 3148 Hal.
451 3081 519 3152 LV.
536 3109 556 3152 c.
567 3109 611 3169 54.
647 3095 666 3157 b
685 3094 750 3157 thid.
767 3092 842 3170 ιζςγέ
880 3094 942 3158 clb·

207 3213 208 3218 a
277 3157 357 3225 eoo.
392 3163 468 3230 aaa.
487 3168 638 3252 eeasqq.
676 3173 752 3255 era
769 3168 924 3257 etnim
