2002 3554
125 80 283 209 Rnu’un
302 135 466 212 Roman.
492 131 634 212 Lon.
683 150 758 237 149·
805 160 807 187 ¹

53 296 186 395 aliquot
216 295 333 392 capit:
367 315 475 391 eoque
496 290 638 374 lucceliu
652 299 758 376 elatos

56 394 96 467 &
110 395 220 470 castris
239 390 379 490 egrellus
404 394 536 490 plenam
550 395 592 470 ab
608 397 758 475 hostibus

56 492 239 568 victoriam
258 506 416 661 regrortat.
466 493 582 589 Atque
597 517 636 567 ea
649 495 759 570 vidio-

59 590 108 661 ria
133 610 265 664 tantum
311 586 427 661 duciae
444 591 562 667 animia
580 592 759 669 Romano

58 711 135 760 rum
152 685 305 762 addidisse
322 684 472 774 videtur,
495 708 534 762 ut
552 687 630 762 inde
645 688 762 764 statim

59 782 104 855 dc
129 786 271 885 imperio
292 783 540 858 extra'ltaliam
557 785 760 883 proferendo

58 884 208 980 cogitare
222 884 407 980 coeperint.
434 884 580 983 Pyrrhus
593 884 762 961 verodm·

59 983 98 1052 ni
136 982 192 1079 spe
218 980 384 1055 ulterioris
404 981 555 1054 adversus
580 983 760 1060 Romanos

62 1080 222 1152 successus
243 1074 372 1177 abjedta
388 1078 423 1150 in
443 1077 624 1153 Graeciam
640 1080 688 1154 est
705 1095 758 1154 're-

59 1175 168 1251 versus
190 1199 278 1250 anno
302 1175 400 1248 sexto
427 1176 600 1273 postquam
629 1179 664 1250 in
690 1180 761 1254 Ita·

59 1274 139 1345 liam
156 1293 311 1348 venerat:
336 1271 450 1365 ibiqne
470 1295 557 1344 anno
565 1272 672 1349 Urbis
680 1298 761 1373 qua·
771 1283 920 1362 A.U.48o;

59 1368 323 1469 dringentesrmo
357 1367 567 1468 ottogefimo
597 1396 677 1444 cum
702 1399 766 1447 no‹

61 1464 180 1542 diurna
199 1469 365 1544 invasione
387 1470 497 1567 Argos
514 1469 630 1543 urbem
640 1471 764 1567 ingres·

61 1562 114 1636 sus
131 1566 229 1657 effer,
261 1589 280 1637 a
298 1565 512 1656 muliercula,
537 1570 632 1662 cujus
648 1567 760 1647 filium

40 1662 232 1737 ‘occiderat
240 1716 252 1752 ‚
277 1662 391 1764 tegula
406 1686 426 1735 c
440 1661 535 1737 tedio
550 1664 699 1764 projesta
707 1669 762 1742 in·

61 1759 221 1835 terfedtus
242 1759 299 1834 est.
346 1761 544 1860 Reliqucrat
559 1781 672 1837 autern
688 1767 761 1839 Ta·

63 1861 149 1932 renti
177 1858 347 1934 Milonem
370 1859 600 1934 Praefectum:
634 1862 686 1934 sed
704 1863 761 1937 ille·

62 1954 105 2028 ab
128 1957 204 2055 ipfis
228 1957 453 2045 Tarentinis,
485 1958 577 2056 quod
603 1960 689 2033 male
703 1983 763 2032 eos

28 2066 31 2071 '
62 2074 231 2143 vexaret,
263 2054 298 2125 in
319 2053 484 2149 angustias
512 2053 662 2127 redadtus
677 2078 927 2160 ²¹¹¹¹⁰au4812

64 2150 170 2225 Urbis
185 2154 269 2241 481.
285 2172 396 2222 arcem
412 2148 678 2222 Tarentinorum
696 2159 765 2221 Pa·

57 2255 142 2345 pirio
158 2248 298 2321 Conluli
318 2244 466 2322 tradidit.
494 2244 600 2319 Addit
614 2249 765 2343 epitome

63 2345 209 2420 Liviana
225 2353 266 2418 L.
274 2351 364 2418 XIV.
382 2342 419 2415 &
435 2346 556 2441 Orofiur
570 2349 608 2416 L.
621 2352 679 2418 IV.
696 2371 723 2418 c,
734 2365 767 2447 3.

65 2441 356 2543 Carthaginienses
404 2442 600 2516 Tarentinis
647 2462 767 2520 contra

65 2542 242 2627 Romanos
257 2544 380 2617 auxilio
398 2541 538 2627 venille3
565 2562 663 2639 atque
671 2545 717 2629 itt
725 2543 769 2617 ab

50 2638 107 2711 ‘iio
130 2640 247 2714 foedus
272 2641 419 2736 primum
460 2638 555 2712 fuiile
596 2642 768 2716 violatum.

67 2735 164 2811 Nam
188 2742 361 2809 Tarentinis
388 2738 423 2808 in
445 2739 595 2834 epitome
627 2739 770 2811 Liviana

66 2834 132 2908 elle
158 2831 363 2936 legendum,
395 2842 702 2925 neomaenias,
729 2851 769 2908 ut

66 2933 194 3008 habent
225 2931 392 3003 editiones
424 2929 551 3030 Grypia'r'
581 2933 625 3003 A.
661 2949 769 3027 1554.

68 3039 198 3107 Gmm‘
227 3039 328 3130 1609.
347 3027 379 3107 8,
409 3030 525 3100 Clerici
544 3051 646 3121 1710.
668 3028 770 3104 docet

401 3123 489 3224 Qu·
728 3126 772 3202 ad
