2002 3554
52 3212 99 3327 N

234 134 307 206 266
453 127 760 208 Hirrum

234 287 305 364 sum
328 285 366 361 &
386 286 530 365 subitum
544 294 729 389 periculum
746 314 853 394 patres
867 297 933 377 sor·

231 385 405 462 licitudine
423 388 519 464 fimul
534 387 648 466 affecit
663 391 867 470 &liberavit
897 416 929 473 ².

231 485 399 559 Samnites
421 509 514 561 erant
538 488 580 561 ad
602 511 744 587 quatuor
766 491 870 567 millia
887 494 930 568 ad

233 582 328 657 usum
351 585 471 665 novalis
493 585 631 661 militiae
643 590 846 685 conscripti:
871 594 931 690 qui

139 690 143 699 '
234 706 313 757 cum
328 708 347 756 r
361 684 442 777 mari
458 681 693 775 abhorrerent,
716 687 932 763 urbisincen·

236 779 386 855 dium&
411 780 843 883 direptionemagitabrnt3
866 787 932 861 ser·

235 902 423 977 votumque
437 883 508 978 jam
524 880 587 954 tria
602 881 705 954 millia
720 881 839 955 insuar
853 909 930 982 par·

236 998 287 1053 tes
301 997 537 1076 pertraxerunt.
562 979 717 1052 Auentiri
732 980 764 1050 se
773 979 929 1056 bisetiarn

237 1074 447 1152 fimulaverat
468 1080 563 1148 Erins
583 1081 712 1152 Potitius
726 1078 931 1154 auxiliorum

233 1173 378 1266 dubtor,
402 1197 441 1249 ut
456 1176 569 1249 omnia
582 1198 700 1269 eorum
716 1173 851 1247 consilia
868 1201 932 1274 pe·

236 1275 325 1347 nitus
340 1273 568 1373 cognosceret.
592 1272 685 1366 Quia
699 1295 779 1346 vero
798 1270 932 1347 iliade·

234 1373 321 1447 ferre
334 1395 403 1443 non
412 1394 564 1469 poterat,
587 1394 666 1444 cum
680 1369 933 1467 undiqueSaur·

236 1469 362 1545 nitibus
372 1470 584 1567 cingeretur,
607 1465 763 1567 persuafit
776 1467 855 1554 iliis,
872 1489 932 1561 ut,

236 1592 316 1643 cum
333 1568 469 1641 Senatus
488 1566 681 1654 baberetur,
707 1566 743 1637 in
757 1563 832 1636 foro
848 1588 935 1639 con·

234 1661 332 1779 grtffi
358 1663 642 1751 vociferarentur,
656 1663 692 1732 in
721 1660 933 1753 dimetiendo

234 1772 406 1837 strumento
418 1757 569 1831 fraudem
587 1756 646 1831 fibi
657 1756 788 1831 fabiam.
814 1765 932 1858 Atque

233 1864 281 1935 ita
296 1877 452 1953 tanquam
472 1853 934 1933 aubiortumultusarceffitus

233 1953 364 2033 infidias
379 1954 515 2027 Senatui
529 1954 700 2051 exposuit:
726 1976 846 2028 actum
856 1958 930 2053 qui·

234 2057 313 2129 dem
336 2050 496 2125 seditione
521 2050 626 2152 sopita
642 2052 690 2124 illi
704 2051 777 2125 sunt
794 2051 931 2127 dimissi.

234 2150 356 2231 Noiiu
385 2173 524 2238 rutero,
555 2175 634 2224 cum
664 2147 800 2248 quisque
822 2148 932 2224 servos

233 2247 928 2345 suosdomicomprehendissetpmniscon·

236 2350 355 2437 iuratio
370 2345 519 2443 diffipata
538 2346 597 2417 est.
622 2347 663 2417 ln
679 2345 789 2418 Sicilia
803 2345 931 2418 interea

235 2447 410 2527 Hamilcar
440 2463 528 2514 tanta
559 2443 774 2541 prosperitate
802 2442 931 2516 bellum

233 2543 388 2643 gerebat,
414 2539 511 2610 urbes
534 2541 610 2612 alius
632 2542 687 2630 vi,
720 2540 796 2613 alias
814 2539 932 2635 prodi·

233 2645 327 2715 tione
355 2661 552 2735 occupansr
584 2657 623 2712 ut
647 2637 708 2711 nifi
735 2643 812 2711 oc·
839 2642 933 2709 Floro

234 2734 433 2813 Purconi'ule
466 2735 576 2809 fuiffet
595 2737 789 2821 coercitus,
822 2753 931 2808 totam

235 2839 382 2912 Siciliam
398 2833 551 2933 subigere
560 2832 866 2933 potuiffevideatur.
879 2830 930 2904 Et

235 2941 316 3012 irinc
342 2933 418 3021 est,
451 2933 541 3031 quod
566 2932 650 3005 dicit
673 2928 828 3030 Polybius
846 2933 887 2999 L.
896 2928 929 3002 I.

833 3052 863 3102 ⁶·
874 3045 935 3128 24,

261 3162 278 3209 a
298 3152 396 3207 zoom
413 3151 446 3208 Ι..
458 3150 496 3206 Η,
511 3151 585 3227 uret.
602 3150 634 3207 L.
646 3150 682 3223 ζΙ.
699 3158 772 3225 ⁶⁶²³.
