2048 3526
289 145 747 232 Proruoousun

108 273 189 364 ster
211 276 340 362 Urbis
359 280 513 365 Romae
535 302 670 389 magna
686 301 786 469 pars
806 270 913 365 fuiti

110 390 205 471 licet
223 387 292 470 alii
318 387 368 470 de
387 386 519 473 haere
547 387 659 470 aliter
701 389 850 470 entiant
877 407 911 475 ⁸.

113 499 245 584 Filius
269 497 456 580 Aventini
478 497 621 579 Procas
640 496 815 607 Sylvius,
836 497 912 604 qui

114 607 203 716 post
221 609 366 716 viginti
397 627 472 690 tres
500 609 609 716 regni
635 631 759 691 annos
783 603 912 690 deces-

115 716 196 813 fit,
225 744 316 799 cum
349 717 450 801 duos
477 714 633 800 haberet
662 714 787 807 filios,
822 720 913 799 Nu·

117 829 301 911 mirorem
333 826 514 937 Sylvium
543 837 757 930 majorem,
789 831 912 908 Amu-

116 937 217 1020 lium
245 963 339 1020 vero
378 935 557 1043 S'ylvium
591 939 810 1028 minorem,
851 936 912 1023 iiii

112 1047 281 1156 quidem
309 1045 500 1131 vetustum
531 1045 681 1154 sylviae
709 1047 834 1151 gentis
852 1072 913 1129 re·

117 1179 244 1264 gnum
271 1155 406 1266 legat;
444 1155 535 1273 huic
565 1181 659 1238 vero
688 1156 912 1263 praecipuas

118 1291 241 1375 opes3
268 1268 409 1375 quibus
431 1265 611 1347 Amulius
633 1290 807 1372 proceres
826 1293 912 1347 cor·

119 1378 250 1480 rupit,
280 1375 520 1487 fratremque
566 1400 687 1484 regno
734 1373 914 1457 deturba·

111 1487 180 1571 ⁸trit
201 1487 234 1567 b.
275 1486 374 1583 vel,
403 1508 448 1568 ut
457 1486 525 1567 alii
544 1505 717 1581 narrant,
734 1482 915 1567 Amulius

120 1594 333 1679 Numitori
361 1596 566 1705 optionem
598 1595 743 1690 dedit,
782 1619 913 1679 utrum

116 1732 282 1817 regnum
310 1705 622 1798 tantummodo,
650 1731 699 1786 an
731 1732 824 1787 nero
852 1728 914 1788 to·

117 1819 196 1900 tius
228 1817 451 1924 patrimonii
482 1813 701 1908 summam,
728 1838 843 1924 atque
868 1840 914 1894 o-

118 1953 251 2008 mnem
274 1949 518 2033 paternorum
539 1926 729 2007 bonorum
748 1923 915 2005 iubstan·

118 2039 217 2119 tiam
237 2035 373 2118 habere
390 2035 534 2118 uellet:
563 2061 737 2141 cumque
770 2034 917 2114 Numi·

119 2167 184 2226 tor
203 2147 398 2252 privatum
417 2171 534 2226 ornne
552 2169 642 2224 eum
667 2141 916 2225 facultatibus

120 2283 242 2363 regno
273 2252 526 2364 praetulisset,
557 2252 734 2334 Amulius
754 2279 916 2361 regnum

120 2366 295 2446 obtinuit
325 2387 356 2446 c,
418 2365 479 2445 Ut
513 2390 559 2448 ue
585 2363 842 2475 hocregnum
867 2362 913 2445 sr-

122 2475 159 2556 bi
192 2474 361 2557 firmaret
383 2395 576 2582 Aegeium
612 2475 837 2564 Numitoris
868 2469 915 2554 fi-

122 2584 223 2662 lium
243 2585 340 2667 inter
362 2584 579 2666 venandum
599 2612 649 2665 ex
681 2582 827 2666 insidiis
856 2584 914 2663 in·

127 2688 258 2775 terfici
274 2696 421 2777 curavit
433 2749 447 2791 ‚
458 2721 611 2776 rumore
627 2694 874 2803 sparso,eum
892 2720 914 2772 a

497 2802 662 2945 (Dr)¹
862 2801 917 2882 ¹³·

160 3015 179 3058 a
204 2993 276 3068 Vid.
304 2998 390 3061 Serv.
419 2997 460 3058 ad
484 2991 568 3076 Virg.
594 2993 669 3057 Aen.
697 2990 768 3060 VII.
791 3015 821 3057 v.
843 2995 916 3077 657·

107 3078 137 3141 'b
165 3077 254 3143 Dion.
281 3078 356 3145 Hal.
387 3080 412 3144 l.
440 3096 491 3161 71·
514 3078 566 3159 76,
587 3076 659 3142 Lia.
679 3077 707 3143 I.
731 3097 760 3166 3.
802 3080 914 3145 cSex.

113 3160 194 3231 Aur.
212 3163 323 3232 Vilior.
343 3166 379 3230 dr
400 3165 483 3251 Orig.
496 3175 580 3250 gent.
600 3162 643 3234 R.
784 3194 787 3206 ·
890 3178 896 3185 '
