2002 3554
221 141 383 219 nnuma.
408 138 571 220 Rom.
597 138 683 222 Lm.
692 141 721 220 1.
786 152 832 248 {7

123 303 181 381 hic
205 302 277 380 e'rat
301 304 529 395 Sabinorum)
560 307 751 398 metuenti,
790 332 836 382 ne

122 405 170 479 ibi
205 401 323 475 frustra
352 421 485 501 tempus
517 422 625 477 terere
654 424 835 506 cogeretur

123 499 291 598 insperata
306 496 447 574 Felicitas
464 499 576 576 oblata
603 499 673 590 est3
698 523 738 575 ut
756 505 836 600 qui·

124 599 207 671 dem
225 597 329 697 vulgo
342 617 496 687 narrant,
521 598 604 691 sed,
631 620 670 673 ut
686 596 832 691 videtur,

128 718 246 792 parum
278 719 366 770 vere.
422 697 505 772 Erat
537 701 620 771 arcis
654 696 836 770 Romanae

125 791 234 868 custos
257 799 309 894 Sp.
327 791 501 894 Tarpejm
525 798 619 892 cujus
635 793 703 867 filia
716 799 754 865 T
747 807 835 894 atpet

116 891 158 985 ja
184 911 281 988 capta
300 889 474 987 splendore
500 892 699 965 annulorum
724 890 761 964 &
783 915 834 964 ar·

124 989 319 1074 mistarum,
340 1012 420 1081 quas
434 987 579 1061 brachiis
594 987 766 1083 gestabant
776 989 835 1061 Sa·

123 1085 227 1166 bini,
247 1082 369 1151 'arcem
386 1083 426 1152 iis
447 1083 588 1177 prodere
599 1084 735 1172 statuit,
758 1108 836 1179 pre·

124 1175 443 1272 tium·proditionis
472 1175 567 1274 pafika
594 1177 705 1267 illud,
747 1180 838 1272 quod

123 1273 276 1350 brachiis
295 1271 427 1348 finistris
441 1275 611 1375 gestarent
626 1273 739 1347 Sabini
761 1301 772 1346 ε
804 1295 840 1348 at

126 1374 163 1446 hi
182 1386 297 1445 arcem
322 1373 384 1444 ‘am
405 1370 539 1472 ingreffi
560 1372 722 1470 clypeis,
755 1394 840 1469 quos

129 1472 230 1543 etiam
247 1471 283 1541 in
301 1396 433 1542 Anistris
457 1469 648 1567 gestabant,
673 1470 709 1542 in
736 1472 860 1568 virgi-'

135 1589 214 1639 nem
234 1565 398 1655 conieffls
422 1590 494 1639 eam
517 1567 713 1641 obruerunt.
770 1569 841 1642 Alii

133 1662 271 1748 dicunt,
296 1667 505 1763 Tarpejam,
538 1689 617 1739 cum
637 1668 709 1764 jam
731 1667 770 1738 in'
787 1691 840 1741 ar·

128 1786 204 1837 cem
226 1763 390 1835 veniffent
411 1762 553 1855 Sabini,
597 1765 696 1859 eique
720 1788 838 1838 aurum

130 1859 294 1933 offerrent
309 1857 399 1934 scuta
412 1880 529 1934 eorum
539 1862 712 1958 petiiffea,
735 1881 775 1937 ut
791 1864 839 1935 ita

131 1960 276 2031 inermes
289 1980 347 2030 eos
368 1956 430 2029 suis
444 1956 609 2032 traderet:
636 1957 703 2032 Sed
720 1961 779 2031 vix
786 1961 839 2031 vi·

133 2056 234 2127 detur
259 2053 447 2144 verifimile,
469 2055 585 2128 stultos
602 2054 686 2128 adeo
699 2055 734 2125 id
755 2073 843 2126 tem·

132 2153 233 2253 poris
248 2149 399 2225 homines
413 2150 504 2222 fuisse
520 2200 534 2241 ‚
566 2169 606 2223 ut
624 2150 701 2222 talia
714 2149 768 2222 vel
783 2173 842 2248 pe·

132 2267 277 2341 terent,
317 2250 371 2322 vel
396 2249 659 2346 promitterent:
696 2246 742 2319 ita
773 2267 845 2340 ut,

136 2345 230 2444 quod
258 2347 350 2445 pn'us
370 2367 539 2421 narratum
562 2343 623 2435 est,
648 2344 759 2420 verius
780 2370 844 2444 pu-

141 2464 223 2518 tem.
272 2444 371 2531 Se'd,
402 2465 441 2519 ut
455 2445 565 2517 dicam
591 2441 682 2541 quod
709 2439 844 2537 sentio,

147 2558 220 2613 nta·
240 2542 385 2616 narratio
407 2541 504 2616 valde
530 2539 674 2639 suspe&a
695 2540 776 2629 est)
807 2541 847 2615 &

152 2635 375 2733 hspeaiorem
400 2639 482 2714 facit
500 2642 590 2738 quod
606 2639 775 2738 geminam
792 2639 847 2710 hi·

158 2733 279 2810 {oriam
303 2760 413 2812 narrat
433 2737 635 2813 Plutarchus
659 2738 694 2808 in
710 2739 852 2806 Paralio-

168 2853 228 2934 tp.
239 2861 283 2909 m.
302 2859 384 2932 309.
406 2840 449 2906 B.
474 2834 518 2904 de
535 2833 644 2931 puella
658 2852 744 2927 quae
761 2828 853 2901 fimi·
910 2897 913 2909 ,

171 2930 227 3007 'aus
265 2931 337 3007 fere
372 2931 503 3031 legibus
536 2927 693 3024 Ephesum
729 2931 854 3000 Brenno

451 3027 532 3129 ,Β
619 3112 624 3123 ,
734 3025 855 3108 ω.

185 3145 243 3211 m.
261 3166 283 3210 c.
296 3102 345 3224 40¹2
389 3185 401 3212 ο
