2002 3554
183 150 254 241 436
388 135 702 209 Hine-onte

184 299 344 375 Tandem
366 320 447 367 veto
477 294 569 368 ceffit
588 293 788 369 Hannibal:
814 299 899 398 ejus·

184 422 250 496 que
276 395 433 468 mandato
458 393 588 479 Poeni,
620 397 680 489 qui
699 396 736 464 in
753 419 837 471 arce
864 421 905 471 e··

188 517 281 579 tant,
305 494 344 567 ad
365 515 441 560 eum
456 491 693 587 confugerunt.

31 576 177 669 §ab-Pl·
238 588 452 679 §.XLVllL
477 589 591 682 Scipio
613 611 728 660 retum
739 588 898 664 Locren*

30 662 161 803 2¹22}ss
192 689 274 763 lium
290 688 496 759 ordinatione
510 686 549 755 ad
567 686 731 757 Senatum
742 688 895 761 Romam

28 804 147 883 praesceti
192 786 319 861 remilla
344 790 402 882 Q
420 786 601 852 Pleminium
622 782 780 878 legatum
803 786 896 859 suum
922 831 927 839 ·

24 883 137 954 facinus.
193 884 265 957 urbi
285 880 443 978 praetecit
467 895 495 957 ².
544 881 592 950 At
607 879 665 950 hic
680 878 810 977 absque
826 883 893 958 ullo

193 982 379 1053 divinatum
407 978 668 1047 humanarumve
700 1000 818 1052 rerum
846 1003 892 1050 te·

170 1075 303 1175 lpoetu
329 1074 468 1170 rapinis,
501 1073 718 1160 crudelitate,
752 1077 891 1149 libidine

198 1175 312 1247 omnia
331 1172 497 1266 complett
521 1171 635 1242 eadem
652 1172 759 1243 etiam
778 1174 894 1245 militi-

190 1273 254 1345 bus
275 1270 335 1343 luis
358 1271 492 1342 licentia
513 1267 684 1342 concella:
712 1269 786 1343 imo
802 1272 889 1343 'Tri-

192 1370 302 1442 bunos
316 1370 443 1463 rapinas
457 1365 636 1464 prohibere
650 1363 807 1440 volentes
826 1370 890 1438 vir·

196 1467 249 1566 gis
272 1467 366 1538 caedi
386 1462 493 1560 jubet.
542 1464 624 1535 Hoc
647 1484 730 1534 veto
745 1464 811 1560 ipfi
824 1466 901 1561 jam·

137 1610 141 1618 -
196 1567 317 1637 milites
347 1562 482 1659 indigne
505 1561 678 1643 tulerunt;
711 1560 892 1656 &impetu

199 1664 234 1732 in
259 1661 405 1756 legatum
432 1655 519 1729 fabio
537 1677 612 1730 toto
629 1680 774 1751 corpore
789 1659 893 1731 hosti-

197 1759 274 1829 liter
300 1760 443 1827 lacerant
461 1784 471 1838 ς
507 1753 542 1826 ὃ(
564 1753 638 1827 naso
653 1777 790 1850 quoque
806 1758 893 1829 auti·

198 1854 321 1948 busque
347 1852 462 1922 decisis
478 1851 671 1950 exsanguem
692 1853 893 1949 relinquunt.

198 1951 338 2024 ln'tetim
368 1970 478 2020 tamen
507 1950 621 2045 Scipio
639 1948 773 2021 Locros
794 1951 891 2022 adve-

199 2049 271 2123 ms
287 2049 483 2121 Pleminium
500 2070 587 2118 noxa
602 2045 739 2132 liberat3
765 2049 892 2121 Tribu·

200 2174 284 2237 nos,
310 2166 347 2220 ut
363 2145 508 2215 Romam
519 2145 750 2233 mitterentur,
776 2147 893 2217 invin-

201 2247 276 2318 cula
302 2243 451 2340 conjicit.
503 2241 568 2312 Sed
593 2239 686 2312 simul
712 2252 753 2312 a'c
768 2242 891 2317 abiiilet

201 2344 341 2435 Scipio,
373 2339 551 2410 Pleminius
573 2336 749 2412 Tribunos
775 2339 889 2412 crude-

202 2438 318 2511 liffima
335 2456 443 2508 morte
462 2432 639 2507 interficit:
667 2453 705 2507 ut
725 2437 887 2509 etiamla·

202 2540 348 2624 crenfium
370 2536 557 2629 principes.
592 2556 674 2628 quos
689 2532 729 2603 ad
747 2557 891 2629 conque·

202 2631 320 2704 tendas
343 2632 474 2723 injurias
501 2630 539 2699 ad
563 2630 758 2724 Scipionem
786 2629 894 2727 ptol-

202 2727 274 2803 etos
289 2727 467 2802 audiverat.
491 2726 644 2798 Tandem
664 2725 850 2800 Locrenses
858 2726 897 2801 ad

201 2827 306 2926 ipsum
336 2827 492 2899 Senatum
511 2826 657 2895 Romam
672 2825 801 2921 legatos
821 2830 894 2896 mit·

203 2944 280 3001 tunt
302 2922 418 2997 acerbe
435 2922 478 2996 de
496 2923 621 3019 injuriis
638 2922 794 2997 Pleminii
809 2944 895 2993 con·

764 3018 898 3116 questu·

4 3150 201 3310 'h
243 3154 262 3205 t
280 3136 345 3202 tm.
360 3139 415 3201 ti.
