2002 3554
121 158 279 233 Rnrruu.
304 154 466 230 Ronm.
489 151 631 232 Lm.ll.‘
679 147 750 258 {a}

49 341 215 410 centum,
246 317 288 390 ad
314 315 544 415 trajiciendum
568 337 645 415 apta
669 320 750 394 huic

9 454 13 459 ·
51 420 208 514 copulata
232 414 298 488 est:
325 414 361 487 &
387 439 489 512 quum
505 417 673 514 elephanti
690 442 750 517 per
800 493 803 498 ,

53 515 203 591 stabilem
228 535 331 587 ratem
359 535 515 610 tanquam
543 515 630 588 viam
657 539 754 613 prata

52 609 281 713 gredienttbus
298 608 451 699 feminis,
474 608 563 702 atti,
588 612 623 683 in
641 615 753 686 mino·
805 640 808 675 ·:

55 717 125 783 'rern
142 709 339 806 applicatam
356 706 525 805 trangreffi
545 709 668 801 client,
693 735 754 784 cx·
804 716 808 750 ³

11 826 16 833 ·
55 805 212 902 templo,
251 802 427 892 resolutis,
470 805 591 902 quibus
634 808 753 881 leviter
805 819 810 849 ¹

55 925 182 979 annexa
198 920 285 982 erats
312 902 468 991 vinculis,
492 901 533 997 ab
549 901 698 978 aestuariis
716 930 753 977 a·

55 1004 164 1100 liquot
180 998 316 1074 navibus
332 999 372 1072 ad
392 1000 528 1071 alteram
544 1004 650 1096 ripam
676 1027 751 1101 per·

57 1099 259 1177 trahebatur.
312 1096 360 1169 lta
385 1098 501 1194 primis
524 1097 683 1194 expolitis
696 1100 753 1173 alii

54 1198 211 1295 deinceps
223 1195 357 1292 repetiti
365 1218 403 1266 ac
411 1192 539 1289 trajeui
550 1198 632 1267 sunt.
660 1197 754 1270 lnte·

56 1298 120 1368 rim
136 1292 445 1391 quingentiequites
454 1290 644 1380 Numidae,
669 1317 753 1382 quos

56 1390 418 1465 castra-Romanorum
434 1389 637 1485 speculatum
654 1390 753 1464 Han·

60 1488 151 1561 nibal
166 1484 314 1569 miserat,
338 1484 380 1556 ab
397 1485 446 1555 ala
458 1488 610 1582 equitum
620 1487 753 1562 Roma·

60 1606 182 1657 norum
190 1580 483 1679 fugatur,ingenti
493 1586 670 1684 utrimque,
683 1610 754 1659 ωε·

56 1686 134 1781 jore
164 1699 275 1754 tamen
297 1678 526 1752 Numidarum
543 1697 590 1771 1,
613 1706 677 1781 pro
694 1707 757 1758 nu·

62 1802 228 1868 numero,
254 1775 373 1850 caede:
397 1777 488 1876 quod
504 1781 705 1877 principium
714 1779 757 1855 fi·

63 1878 134 1952 mul
150 1876 185 1947 &
198 1899 298 1948 omen
314 1874 414 1964 belli,
440 1896 478 1949 ut
494 1875 636 1950 summae
644 1897 757 1951 rerum

35 2052 41 2061 „
62 1973 255 2073 prosperum
282 1992 470 2062 eventum,
502 1975 549 2046 ita
572 1973 659 2046 haud
683 1974 757 2047 sane

62 2075 271 2148 incruentam
294 2065 469 2143 vistoriaru
493 2071 657 2143 Romanis
678 2094 758 2170 por·

57 2171 182 2247 tendit.

11 2281 29 2309 l'
116 2271 146 2365 §.
155 2269 257 2342 V111.
281 2265 484 2368 Trangrello
500 2262 755 2342 Hannibalisso·
768 2272 826 2340 §.8.
846 2286 908 2369 uer·

60 2371 90 2468 ji
116 2370 147 2441 se
164 2368 289 2439 itineris
302 2367 408 2440 duces
424 2364 630 2445 obtulerunt.
680 2355 919 2453 llle,H⁴'¹”²b⁴²⁸⁸

67 2468 225 2564 quicum
249 2463 429 2554 Romanis,
454 2463 638 2562 priusquam
647 2462 681 2535 in
692 2430 897 2538 lta-mim

65 2566 144 2637 liam
163 2564 302 2633 ventum
325 2558 431 2646 foret,
464 2585 579 2634 manns
593 2560 763 2636 conserere

68 2660 189 2746 nollet,
212 2654 455 2731 'mediterranea
468 2657 652 2732 Galliarum
666 2661 763 2757 petit;

69 2779 108 2832 ut
123 2776 277 2854 caparte,
303 2777 367 2849 qua
376 2753 482 2824 oritur
490 2748 763 2840 Rhodanua‚lll·
783 2777 788 2785 ’

69 2880 129 2953 pes
146 2851 358 2948 transgressus
371 2847 500 2922 ltaliam
509 2851 660 2924 intraret:
671 2847 765 2947 quod

72 2973 183 3026 tamen
203 2948 364 3048 perficere
380 2947 568 3046 nonpotuit
579 2974 592 3035 ς
616 2962 765 3040 campet

656 3047 770 3116 Careias

112 3165 231 3243 aPolub.
250 3165 312 3231 trid.
331 3182 405 3245 τηις.
495 3131 498 3138 ¹
