2002 3554
25 159 101 252 't3o
233 140 550 225 Hrsronre

29 305 141 388 mense
155 305 331 408 postquem
347 305 514 383 honorem
528 304 740 386 iueiasoauc

29 431 152 509 gutum
171 406 309 483 decreto
328 406 521 506 magistratu
535 405 739 503 abierunt,

30 507 290 606 tanquamvitio
304 507 408 579 creati
423 503 554 596 essent,
578 503 671 605 quod
695 512 736 584 64

30 614 181 693 curtius,
214 606 272 701 qui
288 603 436 676 comitiis
453 625 570 675 eorum
589 602 738 701 praefue⁴

28 722 101 790 rat,
133 725 250 799 parum
272 697 364 772 reste
388 697 614 772 tabenaculum
632 706 737 802 cepiffe

30 799 212 873 diceretur.
245 797 316 873 Sed
330 797 394 869 hae
408 799 627 892 patriciorum
642 819 738 876 erant

28 917 135 984 artes,
157 897 215 994 qui
230 895 289 967 soli
308 894 451 991 auspicia
466 894 655 984 habebantt
676 908 741 971 aut'

78 997 143 1068 tius
173 1018 236 1091 pro
259 992 370 1065 lubitu
394 1016 431 1063 ea
457 993 746 1067 ementiebantura

29 1089 463 1285 assisiensis
480 1088 642 1262 ssu
664 1089 737 1262 a:

27 1311 102 1476 el?
116 1283 736 1481 lll⁶tsslssllllt⁰alslzsti

26 1482 82 1555 seu
107 1483 202 1555 illum
233 1479 380 1552 delatura
413 1479 577 1553 honorem
615 1478 735 1556 frustra

28 1598 155 1655 certare
177 1576 417 1673 supersederet3
444 1578 665 1675 &principes
681 1598 735 1651 ta·

29 1699 109 1747 men
127 1674 233 1771 plebis
247 1697 284 1745 ea
292 1676 431 1747 comitia
447 1675 561 1748 baberi
577 1676 736 1768 mallent,

28 1769 147 1868 quibus
161 1795 231 1843 non
252 1770 434 1846 haberetur
448 1775 534 1845 ratio
550 1772 618 1863 sui,
631 1796 736 1872 quam

29 1865 150 1964 quibus
166 1886 204 1941 ut
221 1865 350 1963 indigni
367 1873 636 1966 praeterirentur.
660 1870 736 1943 Eo·

29 1967 108 2038 dem
138 1989 227 2039 anno
251 1988 338 2037 nova
364 1973 530 2060 censorum
557 1966 593 2039 δί
614 1970 736 2064 ingens

30 2065 175 2164 dignitas
189 2065 225 2136 in
243 2063 435 2160 Republica
455 2061 598 2139 emersit.
639 2067 735 2141 Cum

31 2167 123 2239 enim
143 2187 202 2260 per
227 2161 465 2260 septemdecim
491 2187 592 2236 annos
607 2163 737 2239 Census

32 2263 68 2334 in
84 2261 276 2356 Republica
298 2258 390 2333 astus
408 2286 477 2333 non
501 2259 639 2351 suiffet3
672 2284 734 2334 ne-

32 2382 98 2453 que
122 2355 320 2429 Consulibus
348 2381 409 2455 per
431 2357 616 2455 frequentia
646 2358 735 2436 bella

31 2456 142 2529 otium
159 2455 237 2527 esset
254 2453 287 2525 id
305 2455 483 2552 negotium
504 2478 624 2554 agere,
652 2480 734 2554 pron

30 2549 97 2716 Ξέἰί
114 2551 197 2624 huic
212 2553 259 2623 rei
279 2549 487 2659 magistratus
506 2556 609 2628 creati
628 2554 732 2630 sunt:

62 2680 66 2691 ·
91 2671 109 2718 a
130 2651 277 2739 censendo
298 2653 437 2744 Censores
457 2648 549 2724 dieti.
601 2651 736 2726 Interea

29 2742 133 2842 legati
147 2745 189 2817 ab
202 2744 422 2842 optimatibus
441 2749 637 2824 Ardeatium
653 2749 733 2821 Ro·

30 2865 121 2917 mam
145 2865 310 2920 venerunt
335 2846 460 2920 auxilia
489 2846 641 2922 adversus
657 2845 732 2941 ple·

29 2935 108 3016 bern
131 2942 251 3036 mam,
284 2966 369 3042 quae
390 2944 510 3023 urbem
533 2940 732 3035 obsederat,

631 3063 733 3118 orau-

62 3166 83 3215 ι
99 3153 215 3219 mady·
231 3173 255 3218 ‘a
268 3170 306 3232 79,
