2002 3554
94 126 161 187 cn
306 102 617 178 Hisroiui

91 274 288 348 Praetorum
311 240 438 361 injuriis
463 265 604 338 obviam
632 268 721 340 itum
747 264 794 341 en·

96 366 320 465 Ac..suspica1·i
339 364 505 461 postumus
520 385 564 436 ex
579 365 734 462 epitome
741 364 798 437 Lia

95 471 187 539 viana
216 460 463 560 quadragesima
492 462 597 534 tertia
621 473 723 555 (nam
740 463 800 560 ipse

101 564 223 637 Livius
257 560 447 632 hoc.10c0
474 560 620 631 mutilus
650 561 727 648 est)
753 561 800 632 his

100 663 228 751 iniuriis
255 678 363 731 motos
391 654 556 752 Hispanos
585 655 630 728 ad
662 683 750 731 arma
770 659 799 729 i*

100 750 178 832 vi'ffe
192 790 204 845 ς
238 757 273 828 &
302 757 468 825 Olonicum
495 752 649 852 aliosque
677 757 798 828 Princi-

97 882 177 955 pes,
203 854 243 927 ab
258 854 330 943 his,
355 853 411 949 qui
432 873 548 946 pacem
571 876 657 925 cum
675 852 809 927 Roma?

97 957 149 1026 nis
167 950 350 1038 malebant,
375 947 469 1021 fuiffe
484 948 708 1036 interfeffls:
732 975 795 1044 quo

96 1050 266 1125 referenda
299 1047 453 1118 videntur
475 1045 609 1130 verba,
645 1074 663 1119 a
688 1049 798 1147 quibus

96 1149 199 1222 hodie
230 1164 330 1242 caput
354 1162 508 1240 quartum
538 1142 624 1215 dini
648 1146 722 1218 libri
740 1146 798 1218 Li-

96 1248 185 1319 viani
213 1246 409 1326 inchoatur,
434 1263 555 1313 tantum
578 1262 736 1340 pavorem
755 1250 799 1313 in·

93 1347 186 1445 greffi
207 1343 298 1436 castra
334 1341 508 1431 ostentantes
532 1348 636 1438 capita
644 1342 801 1438 fecerunt,

101 1466 154 1532 ut,
170 1444 353 1531 stadmotus
373 1441 528 1538 extemplo
547 1442 800 1536 exercitusforet,

100 1550 168 1637 capi
194 1540 285 1624 casira
302 1543 458 1634 potuerim.
508 1535 556 1609 Et
570 1535 615 1609 de
636 1539 701 1610 hoc
717 1537 802 1609 forte

100 1636 194 1709 bello
203 1640 301 1710 etiam
314 1632 638 1730 loquiturFlorus·L.
649 1643 698 1706 II.
709 1661 736 1708 c.
750 1658 800 1720 ¹7·

100 1734 159 1804 ubi
177 1737 376 1805 Salondicum
394 1730 582 1827 quendam,
609 1735 664 1830 qui
678 1733 710 1804 se
724 1757 800 1804 coe·

101 1824 178 1900 litus
203 1830 375 1900 deminum
405 1828 573 1923 fingeret,
599 1832 745 1902 omnium
762 1830 798 1900 in

102 1927 135 1997 se
155 1947 281 1998 mentes
295 1927 494 1997 convertisse
509 1926 608 2002 dicit.
657 1929 733 2000 Hos
747 1953 802 2000 au·

104 2044 174 2097 tem
193 2046 303 2097 motus
320 2024 459 2094 feliciter
475 2021 570 2095 fuisse
591 2026 803 2122 compreffns,

104 2118 343 2216 lenitatemque
370 2119 536 2199 Praetoris
557 2124 593 2194 in
623 2123 805 2197 exercenda

105 2219 244 2293 νίἃοῐίει
273 2218 367 2292 laude
388 2215 525 2315 dignam
543 2216 641 2295 fniffe
656 2248 699 2295 ex
718 2220 804 2294 dino

103 2318 196 2390 Livii
214 2320 291 2389 loco
308 2333 408 2412 patet.
451 2318 554 2389 Anno
573 2340 690 2393 tamen
706 2321 806 2392 rursus

104 2414 374 2514 quingentesimo
394 2411 603 2511 ofiiogefinio
617 2421 741 2511 quinto
751 2422 807 2489 M.

93 2519 306 2585 ,Marcellum
334 2517 548 2584 Marcolicam
575 2514 726 2587 nobilem
744 2517 807 2589 Hi·

104 2607 279 2703 spanorum
307 2609 425 2681 urbem
456 2610 575 2706 cepiffe
602 2612 758 2686 videmus
783 2631 809 2686 ².

106 2707 175 2782 Sed
200 2732 277 2778 cum
302 2707 434 2779 historia
467 2706 676 2804 sequentium
704 2734 809 2783 anno·

106 2829 181 2874 rum
211 2804 299 2902 apud
325 2804 462 2874 Livium
494 2805 729 2897 interciderit,
764 2831 811 2879 res

105 2903 194 2974 circa
214 2903 295 2975 haec
312 2920 465 2998 tempora
479 2904 513 2977 in
533 2900 698 3002 Hispania
735 2904 813 2977 estas

704 2930 811 3101 fingi

142 3134 160 3181 Ἀ
179 3120 242 3183 LiUt
261 3124 376 3202 Lamse
392 3136 450 3195 Μ,

821 35 843 205 i
