2002 3554
257 128 329 225 346
462 119 775 197 Hrssonu

106 328 183 391 §.in
197 330 244 379 R„
304 304 332 370 ς.
346 285 411 359 Xl.
431 283 561 357 Interea
569 282 638 358 Cn.
647 280 827 356 Cornelius
837 284 966 383 Scipio

102 402 131 461 ι’»
142 399 230 471 Hispa·
258 387 292 457 in
315 382 473 481 Hispania
487 383 597 455 Publii
614 381 722 455 fratris
739 383 871 482 legatus
890 388 971 485 plu·

101 474 235 553 ⁸³⁴2le
259 485 360 556 timos
377 503 444 557 tam
463 484 667 571 maritimos,
690 504 790 577 quam
800 480 968 559 mediter·

258 606 374 655 raneos
398 583 447 653 cis
474 578 608 651 lberum
626 581 773 674 Populos
789 580 965 657 Romanae

261 680 399 752 ditionis
425 676 506 749 fecit
532 678 730 750 clementiae
752 676 964 775 potiffimum

262 777 369 848 sama:
397 776 667 873 Hannonemque
683 778 715 849 ei
724 777 855 873 regioni
867 804 966 875 prae·

263 873 390 946 sedium
411 870 511 944 coeso
528 875 867 971 ejusexercitucapir,
888 902 962 950 ma-

261 996 328 1069 gna
368 967 557 1069 pracsertim
605 972 724 1067 praeda
763 975 896 1068 potitus
918 993 964 1063 ι,

263 1067 353 1165 quod
381 1068 582 1141 Hannibalis
606 1071 699 1141 miles
724 1071 758 1140 in
785 1071 827 1141 iis
853 1070 967 1144 castris

265 1189 382 1239 omnes
406 1190 456 1238 res
472 1165 532 1238 fibi
548 1189 634 1237 caras
649 1165 858 1262 deposuisset.
899 1168 966 1242 Sed

264 1265 405 1337 vixdum
430 1289 472 1335 eo
492 1263 638 1360 digress'o
664 1264 853 1338 Hasdrubal
873 1269 966 1337 Iller-

265 1388 345 1465 geres
357 1364 398 1435 ad
415 1359 639 1435 desedlionem
655 1364 790 1459 impulit
809 1362 828 1420 b
848 1388 860 1451 ;
882 1388 967 1459 quos

267 1462 367 1559 paulo
384 1460 459 1559 post
476 1459 517 1532 ab
538 1458 672 1532 auctore
688 1458 886 1532 defessionis
893 1462 967 1534 suae

267 1558 401 1631 relidlos
417 1558 532 1653 Scipio
550 1556 655 1631 rursus
676 1560 711 1629 in
722 1557 969 1656 jusditionem·

267 1681 334 1752 que
349 1657 477 1750 recepit
492 1684 504 1740 ;
526 1677 559 1727 at
577 1656 718 1752 pecunia
733 1676 809 1728 ante
824 1653 965 1728 nruldia·

267 1772 328 1823 tos.
381 1754 556 1845 Ausetanos
579 1773 746 1852 praeterea
776 1754 812 1825 ὅ(
836 1756 966 1823 Laceta-

267 1876 318 1919 nos
332 1851 436 1921 socios
454 1853 646 1923 Poenorum
654 1852 747 1923 vicit.

113 1987 191 2049 §.ra
315 1964 344 2032 s·
360 1948 494 2026 Xll.ln
504 1949 596 2019 ltalia
611 1948 796 2021 Consulum
812 1945 965 2046 designa·

112 2062 244 2119 eraclium
273 2067 387 2121 torum
410 2049 490 2121 alter
512 2046 554 2118 C.
571 2047 751 2120 Flaminius
774 2045 841 2137 (de
871 2050 968 2145 cujus

113 2139 152 2193 ‘fl
161 2136 241 2211 nafi-
273 2149 492 2219 contentione
516 2169 594 2216 cum
613 2146 736 2217 Senatu
759 2148 823 2238 iam
841 2144 967 2240 aliquid

113 2234 220 2348 getam
272 2247 417 2319 vidimus
448 2244 538 2315 Lt'br.
549 2268 647 2338 praec.
662 2271 689 2315 c.
704 2245 760 2313 ult.
776 2260 805 2324 §.
818 2248 875 2335 ς.)
895 2266 968 2313 me·

201 2333 207 2349 ’
273 2363 383 2432 tuens,
401 2367 443 2413 ue
459 2342 608 2435 auspiciis
631 2339 872 2426 ementiendis,
897 2339 968 2412 La·

269 2444 479 2537 tinarumque
507 2440 659 2511 feriarum
686 2462 803 2523 mora,
827 2438 864 2509 ὅ(
884 2460 968 2509 con·

269 2537 427 2607 sularibus
450 2539 520 2610 aliis
543 2536 793 2636 impedimentis
816 2537 851 2607 in
869 2533 969 2608 Urbe

269 2636 496 2722 retineretur,
538 2637 624 2708 clam
663 2634 817 2707 simulato
849 2634 970 2704 itinere

271 2734 416 2832 privutus
426 2736 460 2806 in
470 2735 678 2833 provinciam
687 2734 770 2807 abiit
788 2732 806 2792 d
822 2755 832 2805 ε
858 2730 970 2803 &cir-

927 2849 968 2897 ca

309 3066 325 3105 a
344 3053 410 3115 aa
422 3051 487 3111 trra.
499 3051 571 3109 tro.
583 3051 661 3125 aaut
678 3052 772 3109 inae
785 3051 830 3121 76.
868 3015 971 3111 buu

261 3120 327 3193 utu
347 3142 368 3185 r.
380 3126 427 3188 61.
465 3145 482 3189 c
501 3129 692 3189 Linum
709 3146 760 3189 az.
772 3145 804 3189 te
822 3142 850 3200 3.

47 3218 206 3304 ἢ
