2048 3526
228 150 692 241 Pnoanuouaun

59 303 104 365 ut
131 286 213 395 'jam
242 284 292 364 de
320 284 541 368 autoribus
574 286 730 370 Graecis
760 288 859 376 nihil

60 421 180 503 porro
210 393 408 488 dicamus,
439 420 608 505 quotum
643 399 798 506 aliquot
819 431 859 485 a·

61 506 144 613 pud
199 502 428 615 Dionyfium
490 507 858 595 Halicamaffenscm

64 638 338 698 memorantur.

67 822 70 827 ,
120 726 186 806 nd
212 725 358 834 reliqua
382 729 487 834 jam.
519 752 620 837 quae
654 725 769 809 habet
792 729 859 813 Cl.

63 835 301 929 Gronovius,
316 835 552 943 pensaturam
567 838 754 921 duntaxat
768 839 861 923 hinc

66 948 158 1028 inde
177 947 367 1052 quaedam
401 948 644 1046 notabimus;
674 977 763 1032 cum
792 978 861 1047 ea,

63 1067 269 1165 quaejam
300 1052 414 1137 allata
444 1054 554 1150 sunt,
585 1056 730 1140 etiamst
759 1059 860 1142 nihil

68 1164 172 1248 ultra
196 1164 417 1257 addamus,
445 1168 493 1246 ad
527 1190 754 1273 argumenta
781 1175 861 1276 ejus

58 1274 272 1364 evertenda
291 1270 462 1357 sufficere
482 1276 695 1357 uideantur.
755 1276 863 1387 Ergo

65 1411 166 1493 quae
186 1384 286 1467 dicit
297 1401 339 1494 p.
361 1410 444 1483 17.,
472 1384 641 1495 pastores
653 1392 794 1487 nempe
815 1385 864 1466 il·

65 1497 126 1577 los
147 1496 292 1605 paitcos
323 1494 481 1578 Latinos
509 1520 624 1576 voces
654 1494 863 1577 diminuti·

67 1631 132 1688 vas
159 1610 269 1713 juxta
299 1600 547 1689 definitiones
580 1605 862 1689 Grammaticaa

18 1748 22 1755 ¹
68 1742 143 1798 non
174 1711 363 1808 finxiffe,
394 1716 509 1820 quale
543 1740 680 1819 nempe
708 1717 864 1799 Romuli

66 1850 207 1907 nomen
229 1822 346 1905 fuerit
364 1850 386 1902 a
407 1824 524 1906 Rama
536 1828 603 1919 ,ἃ
622 1825 698 1906 hoc
716 1853 737 1906 a
755 1840 859 1926 ῥιμη,
992 1885 1000 1900 .

67 1936 202 2024 robur,
217 1933 429 2016 ridiculum
449 1936 561 2042 plane
581 1936 736 2017 videtur
744 1960 862 2033 3cum

58 2043 148 2152 'ipsa
180 2043 385 2133 blandiens
416 2067 547 2126 natura
576 2043 712 2123 talium
743 2045 864 2124 dimi·

70 2155 297 2237 nutivorum
350 2149 548 2234 fidtionem
586 2149 674 2234 satis
717 2153 867 2236 doceat.

69 2266 165 2345 Nec
195 2259 368 2344 melioris
397 2287 512 2344 notae
540 2259 595 2342 est
625 2262 733 2371 quod
754 2262 867 2345 addit

59 2392 151 2484 pag,
175 2370 239 2484 sq.
273 2372 373 2469 inf.
404 2374 628 2464 neminem,
661 2400 732 2455 nec
758 2397 865 2467 ante,

69 2508 143 2567 nec
172 2479 305 2589 postea
343 2480 490 2564 Romuli
523 2491 675 2564 nomine
717 2484 868 2564 didam

71 2582 207 2714 fuiffe':
236 2590 346 2699 quod
376 2595 521 2688 etiam,
548 2614 729 2700 tanquam
761 2620 868 2703 egre·

72 2725 185 2811 guum
206 2725 476 2814 argumentum
489 2707 631 2809 repetit
649 2725 672 2813 p
696 2728 765 2808 40.
780 2727 871 2783 nam

73 2817 117 2893 δε
153 2829 241 2895 ante
276 2824 365 2900 eum
402 2813 481 2894 fuit
509 2811 689 2896 Romulus
719 2809 872 2922 Sylvius

55 2919 201 3005 mbae
225 2929 314 3010 Rex
337 2942 359 2986 ²·
377 2951 403 3021 ς·
419 2931 458 3004 &
478 2921 581 3028 post
608 2921 727 3004 multa
750 2920 875 3005 secula

53 3035 119 3140 „iu
142 3032 268 3147 Fastis
289 3031 583 3147 consularibus,
613 3035 686 3145 qui
703 3031 878 3121 Matiani

118 3138 436 3250 ιιι·έ;.ι.,3.,,.Ι
510 3138 652 3255 (Ο)Μ
816 3143 860 3239 d
