2048 3526
134 140 296 213 Rarrua.
322 137 484 213 Ronrau.
508 136 591 211 Lrn.
600 136 649 213 V.
703 148 766 235 565

79 297 306 384 warunnam,
331 298 673 394 inquasjurejurando
684 296 774 371 obli·

79 396 143 493 gari
162 417 275 484 erant,
300 397 334 466 in
353 394 383 466 se
398 414 456 467 aut
472 394 552 467 alios
564 395 772 481 admiserant,

79 514 127 563 :os
142 493 176 563 in
193 493 331 564 vinculis
346 489 602 587 relinquebant:
629 493 685 587 qui
705 492 771 562 stu·

79 590 138 680 pris
160 609 216 661 aut
242 589 394 661 caedibus
419 589 535 661 violati
562 608 678 673 erant,
714 591 771 683 qui

79 683 157 757 ans
179 684 403 771 testimoniis,
435 683 534 781 fignis
561 684 773 775 adulterinis,

79 780 277 879 Tubjnfflone
310 783 613 870 testamentorum,
647 781 773 853 fraudi·

79 903 134 951 aus
167 882 236 951 ariis
264 881 512 968 contaminati,
546 903 602 950 eos
637 879 773 972 capitali

79 974 385 1072 poenaafficiebant.
413 977 651 1059 Plutesnecati,
673 998 773 1071 quarn

79 1079 108 1145 in
124 1076 255 1146 vincula
271 1071 414 1171 conjeffl
431 1070 521 1145 sunt.
546 1073 628 1146 lnde
639 1072 774 1144 Rornae

79 1172 240 1264 primurn,
273 1171 392 1244 deinde
416 1192 478 1267 pet
509 1190 616 1261 totam
644 1169 773 1241 Italiam

80 1269 293 1361 Bacchanalia
326 1269 461 1340 diruta:
496 1265 534 1338 &
574 1262 772 1339 sacrificium

80 1363 155 1437 illud
179 1365 366 1452 abolitum
400 1364 459 1436 nisr
485 1363 508 1435 sr
528 1366 601 1461 quis
623 1361 689 1434 srne
707 1364 775 1456 pia·

80 1461 154 1534 tulo
175 1461 206 1532 se
233 1461 269 1534 id
297 1464 453 1534 omittere
480 1485 549 1532 non
565 1459 656 1557 poss'e
670 1468 686 1549 (
699 1482 776 1530 nam

80 1559 152 1632 talia
176 1558 261 1629 sacra
286 1560 412 1656 privata
437 1577 563 1629 veteres
580 1555 773 1643 habebant,

80 1677 161 1752 quae
182 1658 283 1727 etiarn
314 1654 469 1727 haeredes
487 1653 703 1752 sequebantur
721 1669 739 1711 ²
759 1662 775 1739 )

80 1752 163 1849 apud
186 1754 375 1825 Praetorem
394 1750 571 1824 Urbanum
591 1749 769 1850 profitere·

80 1871 165 1935 tur;
197 1850 230 1921 id
255 1849 380 1923 sacrum
406 1848 479 1923 fieti
496 1852 603 1946 porse,
629 1846 711 1919 dur'n
732 1870 774 1918 ne

80 1946 152 2037 plut
193 1947 340 2039 quinque
379 1944 539 2018 sacrificio
567 1943 769 2015 intererunt.

80 2042 262 2134 Impunitas
276 2039 418 2136 denique
437 2038 634 2139 &praemia
648 2037 768 2109 indici·
831 2094 835 2100 .

80 2136 228 2211 bossunt
245 2134 423 2209 constituta
445 2136 474 2213 b,

117 2311 136 2355 a
154 2296 206 2359 cir.
224 2297 253 2359 da
270 2304 324 2356 ιι.
343 2305 414 2361 ml.
435 2313 492 2373 a9.
530 2292 549 2354 b
567 2292 631 2355 liv.
648 2293 701 2355 M.
716 2312 738 2353 c.
748 2310 781 2369 19
