2002 3554
162 133 238 215 296
384 121 679 203 Hmoam

167 287 354 390 confligere
372 292 566 389 cupientes:
593 287 686 387 quod
703 289 883 368 eumfaci-

170 386 203 460 le
243 389 430 486 conjiceret
468 389 624 463 Lutatius
662 385 883 466 fortiffinrum
934 481 936 484 y

197 481 378 585 uemquee
395 485 860 586 pedestribuscopiislaffumit
869 523 882 580 5

171 509 211 655 a(
236 589 375 685 Aegates
391 583 507 661 insulas
526 584 693 682 Lilybaeo
710 569 884 688 oppofitis

59 759 63 765 ,
199 685 273 755 etit.
308 680 474 756 Postridie
499 683 628 771 statim,
654 683 736 756 licet
760 682 883 760 ventos
913 778 916 783 Ι

171 705 883 874 iaberetadversoncumhosteconflixit;

173 874 243 951 hoc
258 898 437 976 reputans,
461 879 552 979 poffe
567 905 647 953 eum
664 879 884 953 solaHanno·

174 979 226 1048 nis
239 977 360 1068 claffo,
383 1000 487 1074 eaque
502 976 745 1053 commeatibus
766 1001 886 1052 onera·

176 1092 239 1162 ta;
271 1074 308 1148 &
330 1077 388 1154 iis,
414 1100 493 1173 quas
518 1075 719 1164 adduxerat,
751 1077 884 1174 copiis,

177 1174 329 1247 tironum
355 1172 445 1263 fere,
478 1173 678 1249 decernere:
703 1173 753 1248 fin
768 1194 883 1249 autem

177 1269 417 1369 exspectaret,
451 1272 561 1346 donec
576 1270 778 1348 desaeviisse
796 1292 885 1347 tem·

178 1371 303 1467 pestar,
334 1395 414 1445 cum
431 1370 569 1444 navibus
584 1394 688 1445 onere
707 1372 770 1444 ‘arn
785 1370 880 1443 leva-

174 1469 241 1557 tis,
266 1493 345 1541 cum
362 1468 524 1543 militibus
537 1493 584 1544 ex
602 1488 690 1544 terre
738 1470 749 1540 i
764 1469 885 1542 militia

176 1563 379 1655 lectiffimim
411 1566 465 1656 &‚
478 1566 581 1663 ,quod
606 1568 796 1641 maximum
815 1586 885 1641 erat

179 1689 260 1739 cum
283 1660 495 1737 audaciffimo
509 1663 705 1739 Hamilcare
722 1665 887 1760 dimican-

180 1760 263 1831 dum
277 1758 362 1855 fore.
387 1758 485 1860 Ergo
501 1786 580 1834 cum
601 1763 740 1836 navibus
759 1761 886 1835 adeer-

180 1878 294 1930 tamen
309 1857 432 1954 ineptis
439 1890 450 1947 3
475 1885 553 1933 cum
572 1861 756 1959 remigibus
764 1859 885 1933 subita·

180 1956 237 2028 riis
255 1954 292 2028 &
308 1955 555 2045 rudibus3cum
565 1959 673 2033 milite
682 1962 793 2033 tirone
804 1983 887 2033 con⁴

181 2053 336 2155 fligentes
359 2057 539 2130 Romanos
568 2055 665 2131 facile
690 2060 822 2131 futuros
836 2058 888 2131 su·

180 2157 337 2250 puriores.
387 2157 469 2229 Nec
491 2156 598 2228 defuit
621 2155 767 2230 consiliis
783 2181 888 2231 even·

183 2274 256 2327 tus:
284 2280 360 2327 nam
384 2256 496 2350 primo
513 2256 621 2326 statim
640 2254 816 2352 congreffu
838 2255 888 2327 fa·

181 2351 246 2425 cile
261 2349 403 2449 superati
420 2351 492 2423 sunt
508 2353 634 2438 Poeni,
662 2351 888 2425 demerfisna·

181 2449 278 2521 vibus
302 2449 447 2546 ipsorum
476 2451 748 2547 quinquaginta,
779 2453 888 2548 captis

181 2568 259 2616 cum
283 2545 361 2640 ipfis
375 2543 560 2620 rectoribus
579 2546 808 2647 septuaginta,
835 2573 888 2623 re·

179 2641 278 2736 liquis
320 2642 477 2715 omnibus
502 2646 536 2717 in
566 2647 681 2746 fugam
704 2644 886 2722 conuersa.

180 2740 375 2814 Hominum
402 2746 494 2835 juxta
510 2746 688 2845 Polybium
706 2746 747 2818 ad
765 2745 888 2819 decern

183 2840 285 2913 millia
306 2844 373 2913 vivi
390 2840 462 2915 suut
476 2847 584 2942 capti:
611 2870 687 2916 nam
698 2844 887 2941 Eutropius

180 2959 252 3010 tum
292 2944 425 3014 navium
454 2963 625 3038 captarum
658 2943 695 3015 &
721 2940 887 3016 demersa-

177 3061 271 3128 rum,
296 3061 369 3115 tum
388 3038 572 3117 hominum
586 3038 888 3140 caesorumcapto-

620 3203 622 3207 .
738 3164 884 3239 rumque
