<?xml version="1.0" encoding="UTF-8"?>
<!DOCTYPE html PUBLIC "-//W3C//DTD XHTML 1.0 Transitional//EN"
    "http://www.w3.org/TR/xhtml1/DTD/xhtml1-transitional.dtd">
<html xmlns="http://www.w3.org/1999/xhtml" xml:lang="en" lang="en">
 <head>
  <title>
</title>
<meta http-equiv="Content-Type" content="text/html;charset=utf-8" />
  <meta name='ocr-system' content='tesseract 3.04.00' />
  <meta name='ocr-capabilities' content='ocr_page ocr_carea ocr_par ocr_line ocrx_word'/>
</head>
<body>
  <div class='ocr_page' id='page_1' title='image "./historiareipubl00nieugoog/historiareipubl00nieugoog_0500.png"; bbox 0 0 2002 3554; ppageno 0'>
   <div class='ocr_carea' id='block_1_1' title="bbox 10 40 30 91">
    <p class='ocr_par' dir='ltr' id='par_1_1' title="bbox 10 40 30 91">
     <span class='ocr_line' id='line_1_1' title="bbox 10 40 30 91; baseline 0 -48"><span class='ocrx_word' id='word_1_1' title='bbox 10 40 30 91; x_wconf 50' lang='grc' dir='ltr'>ξ.</span> 
     </span>
    </p>
   </div>
   <div class='ocr_carea' id='block_1_2' title="bbox 107 136 757 236">
    <p class='ocr_par' dir='ltr' id='par_1_2' title="bbox 107 136 757 236">
     <span class='ocr_line' id='line_1_2' title="bbox 107 136 757 236; baseline 0.002 -22"><span class='ocrx_word' id='word_1_2' title='bbox 107 142 269 214; x_wconf 77' lang='lat' dir='ltr'>Rereuu.</span> <span class='ocrx_word' id='word_1_3' title='bbox 295 136 624 214; x_wconf 75' lang='lat' dir='ltr'>Romam.Lra.11.</span> <span class='ocrx_word' id='word_1_4' title='bbox 677 136 757 236; x_wconf 69' lang='lat' dir='ltr'>aba·</span> 
     </span>
    </p>
   </div>
   <div class='ocr_carea' id='block_1_3' title="bbox 12 298 746 382">
    <p class='ocr_par' dir='ltr' id='par_1_3' title="bbox 12 298 746 382">
     <span class='ocr_line' id='line_1_3' title="bbox 12 298 746 382; baseline -0.001 -9"><span class='ocrx_word' id='word_1_5' title='bbox 12 298 17 305; x_wconf 69' lang='grc'><strong>”</strong></span> <span class='ocrx_word' id='word_1_6' title='bbox 52 320 159 373; x_wconf 88' lang='lat' dir='ltr'>certas</span> <span class='ocrx_word' id='word_1_7' title='bbox 182 299 262 370; x_wconf 85' lang='lat' dir='ltr'>facit</span> <span class='ocrx_word' id='word_1_8' title='bbox 287 315 312 371; x_wconf 75' lang='lat'>².</span> <span class='ocrx_word' id='word_1_9' title='bbox 345 304 426 371; x_wconf 93' lang='lat' dir='ltr'>Hoc</span> <span class='ocrx_word' id='word_1_10' title='bbox 453 301 576 371; x_wconf 87' lang='lat' dir='ltr'>nuncio</span> <span class='ocrx_word' id='word_1_11' title='bbox 595 300 746 382; x_wconf 83' lang='lat' dir='ltr'>Romam</span> 
     </span>
    </p>
   </div>
   <div class='ocr_carea' id='block_1_4' title="bbox 52 395 843 688">
    <p class='ocr_par' dir='ltr' id='par_1_4' title="bbox 52 395 843 688">
     <span class='ocr_line' id='line_1_4' title="bbox 52 395 746 485; baseline 0.003 -17"><span class='ocrx_word' id='word_1_12' title='bbox 52 400 152 469; x_wconf 79' lang='lat' dir='ltr'>allato</span> <span class='ocrx_word' id='word_1_13' title='bbox 182 397 237 485; x_wconf 79' lang='lat' dir='ltr'>Q</span> <span class='ocrx_word' id='word_1_14' title='bbox 254 396 392 471; x_wconf 86' lang='lat' dir='ltr'>Fulvius</span> <span class='ocrx_word' id='word_1_15' title='bbox 426 395 607 467; x_wconf 87' lang='lat' dir='ltr'>Proconsul</span> <span class='ocrx_word' id='word_1_16' title='bbox 643 399 746 470; x_wconf 88' lang='lat' dir='ltr'>literis</span> 
     </span>
     <span class='ocr_line' id='line_1_5' title="bbox 54 491 843 591; baseline -0.005 -22"><span class='ocrx_word' id='word_1_17' title='bbox 54 496 194 569; x_wconf 87' lang='lat' dir='ltr'>Senatus</span> <span class='ocrx_word' id='word_1_18' title='bbox 212 496 379 582; x_wconf 89' lang='lat' dir='ltr'>monitus,</span> <span class='ocrx_word' id='word_1_19' title='bbox 402 491 520 566; x_wconf 65' lang='lat' dir='ltr'>relidio</span> <span class='ocrx_word' id='word_1_20' title='bbox 537 492 577 564; x_wconf 91' lang='lat' dir='ltr'>ad</span> <span class='ocrx_word' id='word_1_21' title='bbox 594 492 747 591; x_wconf 85' lang='lat' dir='ltr'>Capuam</span> <span class='ocrx_word' id='word_1_22' title='bbox 840 508 843 516; x_wconf 87' lang='lat'>&#39;</span> 
     </span>
     <span class='ocr_line' id='line_1_6' title="bbox 54 591 750 688; baseline -0.001 -26"><span class='ocrx_word' id='word_1_23' title='bbox 54 592 262 688; x_wconf 85' lang='lat' dir='ltr'>collegaAp.</span> <span class='ocrx_word' id='word_1_24' title='bbox 273 591 440 680; x_wconf 83' lang='lat' dir='ltr'>Claudio,</span> <span class='ocrx_word' id='word_1_25' title='bbox 465 610 750 687; x_wconf 85' lang='lat' dir='ltr'>cumparteexer·</span> 
     </span>
    </p>
   </div>
   <div class='ocr_carea' id='block_1_5' title="bbox 10 687 750 786">
    <p class='ocr_par' dir='ltr' id='par_1_5' title="bbox 10 687 750 786">
     <span class='ocr_line' id='line_1_7' title="bbox 10 687 750 786; baseline -0.003 -26"><span class='ocrx_word' id='word_1_26' title='bbox 10 772 12 777; x_wconf 23' lang='lat'>¹</span> <span class='ocrx_word' id='word_1_27' title='bbox 54 690 140 760; x_wconf 90' lang='lat' dir='ltr'>citus</span> <span class='ocrx_word' id='word_1_28' title='bbox 157 693 308 762; x_wconf 83' lang='lat' dir='ltr'>Romam</span> <span class='ocrx_word' id='word_1_29' title='bbox 323 687 522 774; x_wconf 87' lang='lat' dir='ltr'>contendit,</span> <span class='ocrx_word' id='word_1_30' title='bbox 549 687 673 786; x_wconf 91' lang='lat' dir='ltr'>ubique</span> <span class='ocrx_word' id='word_1_31' title='bbox 684 688 750 785; x_wconf 86' lang='lat' dir='ltr'>cir·</span> 
     </span>
    </p>
   </div>
   <div class='ocr_carea' id='block_1_6' title="bbox 54 786 803 980">
    <p class='ocr_par' dir='ltr' id='par_1_6' title="bbox 54 786 803 980">
     <span class='ocr_line' id='line_1_8' title="bbox 55 786 803 884; baseline -0.009 -28"><span class='ocrx_word' id='word_1_32' title='bbox 55 810 95 858; x_wconf 87' lang='lat' dir='ltr'>ca</span> <span class='ocrx_word' id='word_1_33' title='bbox 115 787 203 858; x_wconf 89' lang='lat' dir='ltr'>viam</span> <span class='ocrx_word' id='word_1_34' title='bbox 220 786 375 882; x_wconf 83' lang='lat' dir='ltr'>expofitis</span> <span class='ocrx_word' id='word_1_35' title='bbox 392 787 537 884; x_wconf 84' lang='lat' dir='ltr'><strong>benigne</strong></span> <span class='ocrx_word' id='word_1_36' title='bbox 551 786 750 858; x_wconf 82' lang='lat' dir='ltr'>commeari·</span> <span class='ocrx_word' id='word_1_37' title='bbox 800 840 803 849; x_wconf 84' lang='lat'>.</span> 
     </span>
     <span class='ocr_line' id='line_1_9' title="bbox 54 883 752 980; baseline -0.003 -24"><span class='ocrx_word' id='word_1_38' title='bbox 54 883 117 956; x_wconf 90' lang='lat' dir='ltr'>bus</span> <span class='ocrx_word' id='word_1_39' title='bbox 138 902 331 980; x_wconf 83' lang='lat' dir='ltr'>exceptus,</span> <span class='ocrx_word' id='word_1_40' title='bbox 364 908 443 956; x_wconf 92' lang='lat' dir='ltr'>cum</span> <span class='ocrx_word' id='word_1_41' title='bbox 482 884 601 955; x_wconf 88' lang='lat' dir='ltr'>milites</span> <span class='ocrx_word' id='word_1_42' title='bbox 627 886 752 954; x_wconf 86' lang='lat' dir='ltr'>interea</span> 
     </span>
    </p>
   </div>
   <div class='ocr_carea' id='block_1_7' title="bbox 10 980 759 1468">
    <p class='ocr_par' dir='ltr' id='par_1_7' title="bbox 10 980 759 1468">
     <span class='ocr_line' id='line_1_10' title="bbox 10 980 752 1079; baseline -0.004 -26"><span class='ocrx_word' id='word_1_43' title='bbox 10 1042 16 1079; x_wconf 36' lang='grc' dir='ltr'>ξ</span> <span class='ocrx_word' id='word_1_44' title='bbox 56 982 137 1054; x_wconf 87' lang='lat' dir='ltr'>alius</span> <span class='ocrx_word' id='word_1_45' title='bbox 158 981 279 1074; x_wconf 77' lang='lat' dir='ltr'>alium,</span> <span class='ocrx_word' id='word_1_46' title='bbox 311 1004 345 1051; x_wconf 77' lang='lat' dir='ltr'>ue</span> <span class='ocrx_word' id='word_1_47' title='bbox 362 980 487 1051; x_wconf 84' lang='lat' dir='ltr'>adderet</span> <span class='ocrx_word' id='word_1_48' title='bbox 500 983 658 1078; x_wconf 84' lang='lat' dir='ltr'>gradum,</span> <span class='ocrx_word' id='word_1_49' title='bbox 686 1005 752 1050; x_wconf 80' lang='lat' dir='ltr'>me·</span> 
     </span>
     <span class='ocr_line' id='line_1_11' title="bbox 10 1078 753 1177; baseline -0.001 -28"><span class='ocrx_word' id='word_1_50' title='bbox 10 1092 17 1149; x_wconf 79' lang='grc' dir='ltr'>ζ</span> <span class='ocrx_word' id='word_1_51' title='bbox 59 1106 127 1150; x_wconf 88' lang='lat' dir='ltr'>mor</span> <span class='ocrx_word' id='word_1_52' title='bbox 141 1081 184 1150; x_wconf 82' lang='lat' dir='ltr'>ad</span> <span class='ocrx_word' id='word_1_53' title='bbox 201 1080 429 1173; x_wconf 74' lang='lat' dir='ltr'>defendendam</span> <span class='ocrx_word' id='word_1_54' title='bbox 445 1085 491 1148; x_wconf 87' lang='lat' dir='ltr'>ire</span> <span class='ocrx_word' id='word_1_55' title='bbox 498 1087 632 1177; x_wconf 83' lang='lat' dir='ltr'>patriam</span> <span class='ocrx_word' id='word_1_56' title='bbox 645 1078 753 1149; x_wconf 84' lang='lat' dir='ltr'>horta·</span> 
     </span>
     <span class='ocr_line' id='line_1_12' title="bbox 12 1174 756 1250; baseline -0.001 -4"><span class='ocrx_word' id='word_1_57' title='bbox 12 1174 29 1183; x_wconf 82' lang='grc'>”</span> <span class='ocrx_word' id='word_1_58' title='bbox 60 1200 173 1247; x_wconf 85' lang='lat' dir='ltr'>rentur.</span> <span class='ocrx_word' id='word_1_59' title='bbox 207 1178 341 1250; x_wconf 89' lang='lat' dir='ltr'>Romae</span> <span class='ocrx_word' id='word_1_60' title='bbox 366 1178 490 1247; x_wconf 89' lang='lat' dir='ltr'>interea</span> <span class='ocrx_word' id='word_1_61' title='bbox 510 1198 679 1248; x_wconf 89' lang='lat' dir='ltr'>matronae</span> <span class='ocrx_word' id='word_1_62' title='bbox 692 1199 756 1245; x_wconf 86' lang='lat' dir='ltr'>un·</span> 
     </span>
     <span class='ocr_line' id='line_1_13' title="bbox 10 1270 757 1372; baseline -0.004 -27"><span class='ocrx_word' id='word_1_63' title='bbox 10 1276 13 1363; x_wconf 74' lang='lat' dir='ltr'>j</span> <span class='ocrx_word' id='word_1_64' title='bbox 57 1273 158 1369; x_wconf 87' lang='lat' dir='ltr'>dique</span> <span class='ocrx_word' id='word_1_65' title='bbox 184 1273 220 1345; x_wconf 93' lang='lat' dir='ltr'>in</span> <span class='ocrx_word' id='word_1_66' title='bbox 243 1274 417 1372; x_wconf 89' lang='lat' dir='ltr'>publicum</span> <span class='ocrx_word' id='word_1_67' title='bbox 433 1270 584 1361; x_wconf 85' lang='lat' dir='ltr'>effusae,</span> <span class='ocrx_word' id='word_1_68' title='bbox 611 1270 757 1346; x_wconf 86' lang='lat' dir='ltr'>crinibus</span> 
     </span>
     <span class='ocr_line' id='line_1_14' title="bbox 10 1369 759 1468; baseline -0.003 -23"><span class='ocrx_word' id='word_1_69' title='bbox 10 1376 12 1383; x_wconf 87' lang='lat'>&#39;</span> <span class='ocrx_word' id='word_1_70' title='bbox 59 1369 154 1468; x_wconf 84' lang='lat' dir='ltr'>paffis</span> <span class='ocrx_word' id='word_1_71' title='bbox 171 1379 250 1462; x_wconf 68' lang='lat' dir='ltr'>laras</span> <span class='ocrx_word' id='word_1_72' title='bbox 271 1390 457 1457; x_wconf 87' lang='lat' dir='ltr'>verrentes,</span> <span class='ocrx_word' id='word_1_73' title='bbox 483 1371 639 1443; x_wconf 88' lang='lat' dir='ltr'>Deorum</span> <span class='ocrx_word' id='word_1_74' title='bbox 657 1393 759 1467; x_wconf 85' lang='lat' dir='ltr'>opem</span> 
     </span>
    </p>
   </div>
   <div class='ocr_carea' id='block_1_8' title="bbox 60 1467 756 1566">
    <p class='ocr_par' dir='ltr' id='par_1_8' title="bbox 60 1467 756 1566">
     <span class='ocr_line' id='line_1_15' title="bbox 60 1467 756 1566; baseline -0.001 -27"><span class='ocrx_word' id='word_1_75' title='bbox 60 1469 296 1566; x_wconf 83' lang='lat' dir='ltr'>implorabant.</span> <span class='ocrx_word' id='word_1_76' title='bbox 333 1469 471 1541; x_wconf 81' lang='lat' dir='ltr'>Senatus</span> <span class='ocrx_word' id='word_1_77' title='bbox 495 1469 529 1539; x_wconf 94' lang='lat' dir='ltr'>in</span> <span class='ocrx_word' id='word_1_78' title='bbox 555 1467 629 1538; x_wconf 85' lang='lat' dir='ltr'>foro</span> <span class='ocrx_word' id='word_1_79' title='bbox 648 1491 756 1565; x_wconf 86' lang='lat' dir='ltr'>magr·</span> 
     </span>
    </p>
   </div>
   <div class='ocr_carea' id='block_1_9' title="bbox 14 1563 759 1664">
    <p class='ocr_par' dir='ltr' id='par_1_9' title="bbox 14 1563 759 1664">
     <span class='ocr_line' id='line_1_16' title="bbox 14 1563 759 1664; baseline 0 -28"><span class='ocrx_word' id='word_1_80' title='bbox 14 1566 18 1571; x_wconf 79' lang='grc'><strong>’</strong></span> <span class='ocrx_word' id='word_1_81' title='bbox 61 1566 213 1637; x_wconf 88' lang='lat' dir='ltr'>stratibus</span> <span class='ocrx_word' id='word_1_82' title='bbox 232 1566 361 1664; x_wconf 88' lang='lat' dir='ltr'>praesto</span> <span class='ocrx_word' id='word_1_83' title='bbox 380 1564 448 1650; x_wconf 86' lang='lat' dir='ltr'>est,</span> <span class='ocrx_word' id='word_1_84' title='bbox 475 1564 595 1661; x_wconf 83' lang='lat' dir='ltr'>fiquid</span> <span class='ocrx_word' id='word_1_85' title='bbox 609 1563 759 1636; x_wconf 88' lang='lat' dir='ltr'>consule·</span> 
     </span>
    </p>
   </div>
   <div class='ocr_carea' id='block_1_10' title="bbox 59 1640 867 1933">
    <p class='ocr_par' dir='ltr' id='par_1_10' title="bbox 59 1640 867 1933">
     <span class='ocr_line' id='line_1_17' title="bbox 60 1640 792 1760; baseline -0.001 -25"><span class='ocrx_word' id='word_1_86' title='bbox 60 1687 98 1735; x_wconf 87' lang='lat' dir='ltr'>re</span> <span class='ocrx_word' id='word_1_87' title='bbox 124 1663 228 1736; x_wconf 85' lang='lat' dir='ltr'>veiint</span> <span class='ocrx_word' id='word_1_88' title='bbox 236 1693 252 1751; x_wconf 83' lang='lat'>3.</span> <span class='ocrx_word' id='word_1_89' title='bbox 282 1689 319 1736; x_wconf 90' lang='lat' dir='ltr'>ac</span> <span class='ocrx_word' id='word_1_90' title='bbox 339 1662 495 1760; x_wconf 87' lang='lat' dir='ltr'>praefidia</span> <span class='ocrx_word' id='word_1_91' title='bbox 513 1661 659 1759; x_wconf 88' lang='lat' dir='ltr'>undique</span> <span class='ocrx_word' id='word_1_92' title='bbox 675 1640 792 1734; x_wconf 52' lang='lat' dir='ltr'>loci(</span> 
     </span>
     <span class='ocr_line' id='line_1_18' title="bbox 59 1761 760 1859; baseline 0.001 -28"><span class='ocrx_word' id='word_1_93' title='bbox 59 1764 447 1859; x_wconf 87' lang='lat' dir='ltr'>opportunisponuntur.</span> <span class='ocrx_word' id='word_1_94' title='bbox 473 1761 760 1834; x_wconf 85' lang='lat' dir='ltr'>lnterhaecHan·</span> 
     </span>
     <span class='ocr_line' id='line_1_19' title="bbox 61 1856 867 1933; baseline -0.001 -5"><span class='ocrx_word' id='word_1_95' title='bbox 61 1857 149 1931; x_wconf 87' lang='lat' dir='ltr'>nibal</span> <span class='ocrx_word' id='word_1_96' title='bbox 163 1856 207 1928; x_wconf 89' lang='lat' dir='ltr'>ad</span> <span class='ocrx_word' id='word_1_97' title='bbox 221 1858 387 1933; x_wconf 86' lang='lat' dir='ltr'>Anienem</span> <span class='ocrx_word' id='word_1_98' title='bbox 405 1858 550 1932; x_wconf 87' lang='lat' dir='ltr'>fluvium</span> <span class='ocrx_word' id='word_1_99' title='bbox 569 1857 760 1931; x_wconf 87' lang='lat' dir='ltr'>tribusmil·</span> <span class='ocrx_word' id='word_1_100' title='bbox 837 1860 840 1866; x_wconf 84' lang='grc'><strong>’</strong></span> <span class='ocrx_word' id='word_1_101' title='bbox 864 1891 867 1897; x_wconf 93' lang='grc'><em>·</em></span> 
     </span>
    </p>
   </div>
   <div class='ocr_carea' id='block_1_11' title="bbox 20 1954 759 2052">
    <p class='ocr_par' dir='ltr' id='par_1_11' title="bbox 20 1954 759 2052">
     <span class='ocr_line' id='line_1_20' title="bbox 20 1954 759 2052; baseline -0.004 -25"><span class='ocrx_word' id='word_1_102' title='bbox 20 1988 23 1995; x_wconf 94' lang='grc'><em>·</em></span> <span class='ocrx_word' id='word_1_103' title='bbox 48 1955 148 2027; x_wconf 37' lang='lat' dir='ltr'>‘libus</span> <span class='ocrx_word' id='word_1_104' title='bbox 172 1956 322 2052; x_wconf 78' lang='lat' dir='ltr'>passuum</span> <span class='ocrx_word' id='word_1_105' title='bbox 350 1955 392 2027; x_wconf 90' lang='lat' dir='ltr'>ab</span> <span class='ocrx_word' id='word_1_106' title='bbox 410 1954 506 2025; x_wconf 87' lang='lat' dir='ltr'>Urbe</span> <span class='ocrx_word' id='word_1_107' title='bbox 523 1955 625 2026; x_wconf 87' lang='lat' dir='ltr'>castra</span> <span class='ocrx_word' id='word_1_108' title='bbox 642 1955 759 2026; x_wconf 89' lang='lat' dir='ltr'>admo·</span> 
     </span>
    </p>
   </div>
   <div class='ocr_carea' id='block_1_12' title="bbox 60 2050 773 3023">
    <p class='ocr_par' dir='ltr' id='par_1_12' title="bbox 60 2050 773 3023">
     <span class='ocr_line' id='line_1_21' title="bbox 61 2050 762 2149; baseline -0.004 -27"><span class='ocrx_word' id='word_1_109' title='bbox 61 2053 149 2133; x_wconf 58' lang='lat' dir='ltr'>vitel&gt;</span> <span class='ocrx_word' id='word_1_110' title='bbox 170 2081 179 2125; x_wconf 73' lang='grc' dir='ltr'><strong><em>ε</em></strong></span> <span class='ocrx_word' id='word_1_111' title='bbox 205 2075 350 2149; x_wconf 87' lang='lat' dir='ltr'>cumque</span> <span class='ocrx_word' id='word_1_112' title='bbox 365 2050 762 2148; x_wconf 83' lang='lat' dir='ltr'>pugnacommissaCon·</span> 
     </span>
     <span class='ocr_line' id='line_1_22' title="bbox 60 2145 761 2245; baseline -0.007 -25"><span class='ocrx_word' id='word_1_113' title='bbox 60 2147 145 2220; x_wconf 81' lang='lat' dir='ltr'>sulca</span> <span class='ocrx_word' id='word_1_114' title='bbox 176 2151 277 2222; x_wconf 86' lang='lat' dir='ltr'>etiarn</span> <span class='ocrx_word' id='word_1_115' title='bbox 301 2146 483 2245; x_wconf 82' lang='lat' dir='ltr'>transfugas</span> <span class='ocrx_word' id='word_1_116' title='bbox 509 2145 761 2229; x_wconf 87' lang='lat' dir='ltr'>Numidarum,</span> 
     </span>
     <span class='ocr_line' id='line_1_23' title="bbox 61 2241 764 2344; baseline -0.007 -27"><span class='ocrx_word' id='word_1_117' title='bbox 61 2247 120 2344; x_wconf 92' lang='lat' dir='ltr'>qui</span> <span class='ocrx_word' id='word_1_118' title='bbox 139 2265 212 2318; x_wconf 90' lang='lat' dir='ltr'>turn</span> <span class='ocrx_word' id='word_1_119' title='bbox 236 2249 271 2318; x_wconf 91' lang='lat' dir='ltr'>in</span> <span class='ocrx_word' id='word_1_120' title='bbox 293 2246 466 2317; x_wconf 86' lang='lat' dir='ltr'>Aventino</span> <span class='ocrx_word' id='word_1_121' title='bbox 481 2243 521 2314; x_wconf 93' lang='lat' dir='ltr'>ad</span> <span class='ocrx_word' id='word_1_122' title='bbox 542 2243 631 2313; x_wconf 87' lang='lat' dir='ltr'>mille</span> <span class='ocrx_word' id='word_1_123' title='bbox 649 2241 685 2313; x_wconf 69' lang='grc' dir='ltr'>ὅ(</span> <span class='ocrx_word' id='word_1_124' title='bbox 700 2241 764 2313; x_wconf 87' lang='lat' dir='ltr'>du·</span> 
     </span>
     <span class='ocr_line' id='line_1_24' title="bbox 61 2337 773 2436; baseline -0.007 -20"><span class='ocrx_word' id='word_1_125' title='bbox 61 2343 154 2416; x_wconf 91' lang='lat' dir='ltr'>centi</span> <span class='ocrx_word' id='word_1_126' title='bbox 187 2363 307 2427; x_wconf 86' lang='lat' dir='ltr'>erant,</span> <span class='ocrx_word' id='word_1_127' title='bbox 338 2365 381 2413; x_wconf 92' lang='lat' dir='ltr'>eo</span> <span class='ocrx_word' id='word_1_128' title='bbox 398 2344 445 2412; x_wconf 82' lang='lat' dir='ltr'>ire</span> <span class='ocrx_word' id='word_1_129' title='bbox 465 2337 638 2436; x_wconf 67' lang='lat' dir='ltr'>jurassent,</span> <span class='ocrx_word' id='word_1_130' title='bbox 666 2359 773 2434; x_wconf 88' lang='lat' dir='ltr'>atque</span> 
     </span>
     <span class='ocr_line' id='line_1_25' title="bbox 63 2437 766 2533; baseline -0.013 -18"><span class='ocrx_word' id='word_1_131' title='bbox 63 2443 112 2515; x_wconf 91' lang='lat' dir='ltr'>illi</span> <span class='ocrx_word' id='word_1_132' title='bbox 138 2463 197 2533; x_wconf 88' lang='lat' dir='ltr'>per</span> <span class='ocrx_word' id='word_1_133' title='bbox 222 2440 367 2513; x_wconf 86' lang='lat' dir='ltr'>mediam</span> <span class='ocrx_word' id='word_1_134' title='bbox 400 2439 520 2514; x_wconf 84' lang='lat' dir='ltr'>urbem</span> <span class='ocrx_word' id='word_1_135' title='bbox 550 2437 766 2510; x_wconf 85' lang='lat' dir='ltr'>decurrentes</span> 
     </span>
     <span class='ocr_line' id='line_1_26' title="bbox 63 2536 767 2633; baseline -0.009 -23"><span class='ocrx_word' id='word_1_136' title='bbox 63 2536 280 2626; x_wconf 71' lang='lat' dir='ltr'>vincirent,</span> <span class='ocrx_word' id='word_1_137' title='bbox 314 2556 446 2609; x_wconf 88' lang='lat' dir='ltr'>tantum</span> <span class='ocrx_word' id='word_1_138' title='bbox 483 2555 645 2607; x_wconf 86' lang='lat' dir='ltr'>terrorem</span> <span class='ocrx_word' id='word_1_139' title='bbox 671 2556 767 2633; x_wconf 91' lang='lat' dir='ltr'>prae·</span> 
     </span>
     <span class='ocr_line' id='line_1_27' title="bbox 64 2633 767 2721; baseline -0.011 -13"><span class='ocrx_word' id='word_1_140' title='bbox 64 2636 238 2718; x_wconf 88' lang='lat' dir='ltr'>buerunt,</span> <span class='ocrx_word' id='word_1_141' title='bbox 270 2653 327 2717; x_wconf 87' lang='lat' dir='ltr'>ut,</span> <span class='ocrx_word' id='word_1_142' title='bbox 355 2633 418 2705; x_wconf 80' lang='lat' dir='ltr'>nist</span> <span class='ocrx_word' id='word_1_143' title='bbox 437 2633 545 2721; x_wconf 88' lang='lat' dir='ltr'>castra</span> <span class='ocrx_word' id='word_1_144' title='bbox 565 2635 690 2705; x_wconf 88' lang='lat' dir='ltr'>Punica</span> <span class='ocrx_word' id='word_1_145' title='bbox 706 2652 767 2701; x_wconf 86' lang='lat' dir='ltr'>ex·</span> 
     </span>
     <span class='ocr_line' id='line_1_28' title="bbox 66 2727 770 2814; baseline -0.016 -9"><span class='ocrx_word' id='word_1_146' title='bbox 66 2752 119 2805; x_wconf 88' lang='lat' dir='ltr'>tra</span> <span class='ocrx_word' id='word_1_147' title='bbox 135 2728 270 2802; x_wconf 89' lang='lat' dir='ltr'>Urbem</span> <span class='ocrx_word' id='word_1_148' title='bbox 281 2729 435 2814; x_wconf 84' lang='lat' dir='ltr'>fuiffent,</span> <span class='ocrx_word' id='word_1_149' title='bbox 469 2728 610 2803; x_wconf 81' lang='lat' dir='ltr'>effusura</span> <span class='ocrx_word' id='word_1_150' title='bbox 620 2727 770 2812; x_wconf 80' lang='lat' dir='ltr'>[comnis</span> 
     </span>
     <span class='ocr_line' id='line_1_29' title="bbox 66 2819 772 2928; baseline -0.014 -29"><span class='ocrx_word' id='word_1_151' title='bbox 66 2826 188 2928; x_wconf 89' lang='lat' dir='ltr'>pavida</span> <span class='ocrx_word' id='word_1_152' title='bbox 205 2826 387 2898; x_wconf 89' lang='lat' dir='ltr'>multitudo</span> <span class='ocrx_word' id='word_1_153' title='bbox 406 2827 521 2899; x_wconf 89' lang='lat' dir='ltr'>fuerit.</span> <span class='ocrx_word' id='word_1_154' title='bbox 550 2827 614 2900; x_wconf 90' lang='lat' dir='ltr'>Sed</span> <span class='ocrx_word' id='word_1_155' title='bbox 625 2819 772 2897; x_wconf 85' lang='lat' dir='ltr'>secundo</span> 
     </span>
     <span class='ocr_line' id='line_1_30' title="bbox 66 2916 771 3023; baseline -0.016 -27"><span class='ocrx_word' id='word_1_156' title='bbox 66 2923 210 3023; x_wconf 89' lang='lat' dir='ltr'>equestri</span> <span class='ocrx_word' id='word_1_157' title='bbox 233 2923 358 3019; x_wconf 87' lang='lat' dir='ltr'>praelio</span> <span class='ocrx_word' id='word_1_158' title='bbox 381 2923 546 2996; x_wconf 86' lang='lat' dir='ltr'>summoti</span> <span class='ocrx_word' id='word_1_159' title='bbox 563 2921 636 2995; x_wconf 86' lang='lat' dir='ltr'>sunt</span> <span class='ocrx_word' id='word_1_160' title='bbox 649 2916 771 2992; x_wconf 89' lang='lat' dir='ltr'>hostes.</span> 
     </span>
    </p>
   </div>
   <div class='ocr_carea' id='block_1_13' title="bbox 338 3013 927 3108">
    <p class='ocr_par' dir='ltr' id='par_1_13' title="bbox 338 3013 927 3108">
     <span class='ocr_line' id='line_1_31' title="bbox 338 3013 927 3108; baseline -0.012 -17"><span class='ocrx_word' id='word_1_161' title='bbox 338 3073 344 3091; x_wconf 84' lang='lat'><strong>.</strong></span> <span class='ocrx_word' id='word_1_162' title='bbox 383 3021 448 3093; x_wconf 92' lang='lat' dir='ltr'>Cc</span> <span class='ocrx_word' id='word_1_163' title='bbox 650 3013 777 3092; x_wconf 81' lang='lat' dir='ltr'>Postti.</span> <span class='ocrx_word' id='word_1_164' title='bbox 818 3027 825 3042; x_wconf 81' lang='grc'><em>’</em></span> <span class='ocrx_word' id='word_1_165' title='bbox 923 3100 927 3108; x_wconf 22' lang='lat'>⁸</span> 
     </span>
    </p>
   </div>
   <div class='ocr_carea' id='block_1_14' title="bbox 107 3124 505 3195">
    <p class='ocr_par' dir='ltr' id='par_1_14' title="bbox 107 3124 505 3195">
     <span class='ocr_line' id='line_1_32' title="bbox 107 3124 505 3195; baseline 0.003 -5"><span class='ocrx_word' id='word_1_166' title='bbox 107 3149 125 3190; x_wconf 87' lang='lat' dir='ltr'>a</span> <span class='ocrx_word' id='word_1_167' title='bbox 145 3131 206 3193; x_wconf 75' lang='lat' dir='ltr'>uid.</span> <span class='ocrx_word' id='word_1_168' title='bbox 220 3152 244 3192; x_wconf 81' lang='lat' dir='ltr'>c.</span> <span class='ocrx_word' id='word_1_169' title='bbox 252 3131 279 3192; x_wconf 86' lang='lat'>8.</span> <span class='ocrx_word' id='word_1_170' title='bbox 316 3131 334 3191; x_wconf 93' lang='lat' dir='ltr'>b</span> <span class='ocrx_word' id='word_1_171' title='bbox 356 3132 420 3195; x_wconf 83' lang='lat' dir='ltr'><em>Ibid.</em></span> <span class='ocrx_word' id='word_1_172' title='bbox 431 3124 505 3193; x_wconf 62' lang='lat'>⁶210.</span> 
     </span>
    </p>
   </div>
   <div class='ocr_carea' id='block_1_15' title="bbox 0 0 1024 3554">
    <p class='ocr_par' dir='ltr' id='par_1_15' title="bbox 0 0 1024 3554">
     <span class='ocr_line' id='line_1_33' title="bbox 0 0 1024 3554; baseline 0 0"><span class='ocrx_word' id='word_1_173' title='bbox 0 0 1024 3554; x_wconf 95' lang='lat' dir='ltr'> </span> 
     </span>
    </p>
   </div>
  </div>
 </body>
</html>
