2002 3554
181 125 256 226 '588
390 120 709 195 Hrssostsn-

185 289 317 361 cionem
346 286 556 372 incurreret,
591 281 687 379 quali
713 296 768 356 res'
789 308 883 359 novas

186 385 420 468 meditaretur,
446 378 699 475 urbesquidem
717 385 796 455 viae
812 409 884 481 pro·

187 479 462 577 pinquas&mari
472 480 644 573 negligere
655 479 688 549 se
700 478 885 568 simulabat,

187 578 270 650 dum
296 577 427 649 interim
459 576 717 648 mediterraneas
747 576 889 650 arces&

188 672 349 773 praefidia
375 697 495 769 magna
516 674 550 744 vi
568 697 765 765 armorum,
790 699 888 772 pecu·

189 774 285 863 niae,
311 770 470 842 frumenti
486 769 653 866 impleret.
695 773 803 845 Haec
820 795 887 844 cura

189 874 299 941 movit
325 868 516 955 Romanos,
550 889 587 938 ut
607 870 724 939 virum
748 870 884 966 prudeu·

189 970 235 1039 tia
257 967 294 1038 ἃ
314 990 423 1049 rerum
438 963 657 1062 gerendarum
671 964 813 1040 scientia
825 968 886 1039 illu·

190 1064 291 1134 strem
316 1062 494 1143 Consulem
512 1062 676 1133 facerent.
720 1064 849 1136 Lucius
862 1065 886 1133 is

192 1160 258 1257 ¹fuit
276 1162 439 1251 Aemilius
455 1160 601 1233 Paullus:
628 1161 691 1258 qui
709 1160 860 1236 invitusf
872 1198 888 1217 ·

193 1254 229 1331 re
259 1258 386 1330 Consul
413 1279 542 1331 creatus
567 1256 636 1329 fine
653 1255 764 1347 sorte,
792 1278 829 1330 ut
841 1259 888 1329 di·

193 1357 243 1427 cit
260 1355 474 1439 Plutarchus,
501 1354 744 1429 Macedoniarn
760 1358 887 1452 provin·

194 1453 281 1541 eiam
322 1454 462 1549 accepit.
510 1450 686 1549 Exiguum
720 1454 889 1537 videatur,

195 1572 328 1623 narratu
338 1549 774 1646 tamennoninjucundum,
794 1548 890 1646 quod,

196 1671 276 1719 curn
298 1648 483 1744 designatus
501 1650 643 1720 maxima
659 1648 815 1720 ordinum
831 1646 891 1717 fre·

197 1748 330 1839 quentia
355 1746 493 1816 domurn
525 1743 767 1822 deduceretur.
802 1742 888 1812 lilio·

198 1841 331 1935 lamque
355 1840 489 1910 Pirria-n
526 1844 668 1914 nomine
696 1839 887 1913 tristiculam

199 1937 501 2025 animadvertisset,
544 1940 618 2032 qnid
650 1941 716 2030 est,
759 1937 891 2020 dixerit,

202 2064 271 2106 anea
289 2039 408 2119 Tertia,
435 2037 513 2130 quud
530 2035 620 2126 trallis
640 2036 694 2109 es?
707 2042 784 2108 a'Mr
797 2045 893 2119 Pater,

202 2135 311 2226 inquit
341 2133 466 2230 puellm
493 2137 585 2222 Persa
592 2141 700 2229 periit.
735 2134 894 2205 Tumille

203 2231 323 2311 arelius
341 2230 481 2328 puellam
498 2226 727 2322 complexus,
751 2236 894 2327 Accipio,

205 2330 333 2426 inquit,
359 2331 530 2421 meafilia,
555 2354 647 2397 umen.
686 2326 772 2403 Erat
792 2349 895 2401 autem

207 2450 357 2509 mortuus
381 2425 515 2497 catellus
536 2427 736 2496 eonomine
764 2444 793 2496 ².
834 2425 899 2498 Sta·

208 2527 269 2595 tim
296 2549 395 2620 porro
421 2521 578 2593 Senatum
597 2521 753 2594 hortatus
769 2522 819 2594 est
839 2524 899 2593 Ae·

189 2620 344 2708 milius,
392 2670 417 2708 „
443 2639 481 2691 ut
502 2618 751 2713 diligentissime
780 2619 902 2692 bellum

215 2770 239 2807 „
266 2738 415 2814 pararent
440 2743 448 2788 :
475 2717 496 2748 ”
543 2714 578 2786 ὅ(
596 2713 672 2786 inde
690 2718 725 2786 in
742 2718 905 2789 concione

214 2815 380 2911 Populum
398 2816 549 2902 monuit,
573 2862 596 2901 „
611 2837 653 2883 ne
669 2837 824 2885 rumores
835 2836 905 2883 cre·

168 2992 171 3003 ,
216 2964 240 3002 ,,
266 2912 403 2985 dulitate
430 2911 484 2984 sua
505 2914 589 2984 alere
611 2910 731 2998 vellet3
772 2911 910 2983 cumin

51 3072 61 3081 .
752 3060 778 3105 „
801 3007 912 3105 circug

51 3196 88 3205 Η
154 3180 157 3187 .
203 3138 226 3188 .“
267 3128 368 3219 nqis..
385 3126 690 3204 &Utrin,·L,l,t,·u(s.
791 3204 794 3209 Ι
