2048 3526
278 124 754 237 Pxotaoouamm

109 260 281 364 δίωκε,
292 264 422 350 multo
437 266 566 351 minus
584 293 712 352 veram
733 262 816 373 ejus
827 268 913 372 ma}

111 400 234 477 trem,
252 374 446 464 Anchisae
465 376 913 477 scilicetconcubinam,'

112 491 152 575 in
173 489 282 574 Deos
310 484 426 570 fuiffe
446 488 616 577 relatam.
673 488 825 572 Verum
848 510 912 571 to-

115 622 199 683 tum
217 600 295 681 hoc
313 623 464 681 merum
485 596 656 682 Homeri
678 595 911 711 figmentum

116 705 225 795 fuiffe
244 707 412 792 videtur.

167 820 293 903 Porro
329 815 498 924 Vestam,
527 819 773 914 Minervam,
811 817 912 904 Deos

115 931 281 1042 Magnos
299 929 348 1012 ab
376 928 649 1038 antiquissumis
670 931 911 1035 temporibus

114 1039 276 1123 Lavinii
293 1046 333 1121 δι
359 1037 482 1122 Aibae
498 1038 628 1123 cultos
651 1046 691 1122 δι
716 1039 911 1126 hincRo·

116 1175 222 1233 mam
249 1146 452 1231 tradumos
481 1144 596 1228 fuisse
631 1143 806 1229 constans
833 1147 913 1235 fere

115 1283 291 1345 veterum
319 1255 375 1339 est
401 1257 577 1366 opinio·
613 1257 727 1362 Quae
755 1260 913 1342 numina

112 1372 233 1477 etiam
251 1367 443 1477 originem
455 1367 686 1473 Troianam,
700 1363 867 1451 sivePhr
894 1415 914 1442 .

114 1483 221 1592 giam
239 1495 415 1590 arguunt.
447 1476 523 1558 Sed
548 1480 692 1560 mirum
716 1394 916 1586 plancei·

114 1617 163 1673 ne
199 1591 335 1675 durius
373 1587 474 1698 quid
511 1585 689 1669 dicamus
709 1649 728 1684 ,
765 1586 910 1672 Virum

114 1700 354 1810 praeclarum
379 1723 541 1808 negare,
566 1697 677 1804 quod
702 1696 802 1780 ullos
822 1697 911 1780 ido-

113 1838 206 1897 neos
239 1809 352 1892 testes
380 1807 520 1890 horum
542 1809 745 1890 numinum
766 1808 816 1889 ab
835 1815 911 1889 Ae-

113 1950 185 2007 nea
206 1923 246 2002 in
274 1919 426 2002 ltaliam
456 1917 660 2000 allatorum
689 1918 786 1999 citet
811 1917 912 2000 Dio·

112 2029 404 2252 iiiiii?
427 2027 608 2237 iiiii
628 2025 913 2259 iiiiii

102 2254 262 2362 poium
289 2250 491 2343 nominet:
522 2250 577 2330 ita
608 2268 651 2327 ut
678 2243 912 2355 Dionyfium

114 2389 162 2442 ne
201 2360 365 2469 quidem
387 2355 561 2466 relegiffe
598 2353 796 2438 hocloco
832 2355 911 2437 130·

116 2470 276 2553 chartus
298 2468 486 2552 videatur.
540 2467 664 2574 Quod
687 2492 778 2547 vero
796 2465 913 2549 addit

116 2582 196 2662 Vir
216 2581 284 2662 Cl.
298 2579 506 2663 ridiculum
526 2578 638 2662 foiiie
655 2577 810 2660 credere
824 2574 912 2659 Pal·

116 2689 268 2776 ladium
298 2692 467 2773 Romam
498 2686 733 2785 servaturum
758 2749 769 2780 ,
797 2685 912 2790 quod

115 2801 281 2900 Troiam
293 2799 448 2882 'servare
466 2824 543 2881 noo
565 2796 754 2906 potuisset
768 2850 782 2892 ,
795 2795 913 2876 scien·

111 2911 211 2995 dum
232 2907 287 2992 est
298 2911 423 3007 ,illud
444 2933 617 2991 nontam
631 2907 910 3016 Urbis,quam

107 3019 256 3121 domus
277 3019 471 3104 Dardani
484 3019 800 3124 jncolumitatem
816 3043 911 3099 con.

301 3210 306 3220 s
464 3125 594 3241 (Bi)
865 3148 919 3227 aa
