2002 3554
148 117 302 192 uerrunt
328 114 493 193 Romen.
517 115 658 195 Luall.
711 142 777 223 123

75 280 183 367 maala,
206 306 264 375 quo
278 282 392 378 p⁰ffi³tr
411 285 448 370 se
457 283 563 374 filiam
590 289 623 354 in
649 268 780 356 liberta-

74 397 137 448 tem
151 378 316 449 vindicare
333 377 491 472 adiiciens
509 404 518 448 :
551 399 649 476 atque
667 383 780 478 proti-

75 497 159 559 nus,
185 473 551 588 t'rust1·acomprehendi
568 498 643 547 eum
656 478 780 571 juben·
886 509 889 514 ·
981 561 984 569 Ι

76 590 114 642 te
138 569 373 662 Decemviro,
410 599 445 646 rn
467 571 568 658 castra
606 577 782 648 contendit

77 692 198 740 cruore
215 669 422 771 conspersus,
447 670 484 743 &
502 668 651 745 stribium
676 673 781 745 telum

77 788 205 863 gerens.
254 769 309 866 lbi
334 769 553 843 inconcione
571 770 780 842 commilito·

77 887 158 937 num
184 867 372 942 calamitate
399 866 452 942 sua
482 865 636 964 exposrta
666 891 783 938 eorum

42 980 49 996 ·
75 960 240 1037 auxilium
265 963 429 1064 exposcit.
483 963 551 1039 Sed
576 989 656 1036 cum
681 965 781 1037 multi

68 1063 260 1136 ‚reverentia
275 1064 465 1136 [aeramenti
484 1062 655 1149 militaris,
688 1060 793 1160 quod·

74 1154 309 1233 saniiiffimum
325 1158 489 1234 Romanis
503 1158 778 1251 habebatur‚‘du·
857 1179 860 1183 ·

74 1271 130 1329 ces
146 1254 220 1329 suos
234 1255 382 1332 deserere
399 1280 468 1332 non
485 1257 668 1343 auderent,
694 1255 779 1329 Vir·

73 1355 186 1448 ginius
210 1354 357 1442 docuit,
389 1379 447 1429 eos
464 1356 555 1430 nullo
571 1353 777 1430 sacramento
800 1427 803 1431 .

75 1447 290 1527 Decemviris
310 1453 506 1556 obstringi,
531 1480 609 1529 cum
633 1452 776 1550 potestas

76 1551 306 1626 cotumanullis
322 1551 418 1648 plane
436 1552 566 1652 legibus
584 1554 775 1638 niteretur,

72 1645 371 1743 quandoannuum
394 1652 531 1750 Imperii
554 1649 779 1724 Decenrvira⁴

71 1745 112 1818 lis
135 1765 270 1845 tempus
286 1748 483 1846 jamdudum
506 1746 721 1846 praeteriiffet
740 1782 773 1822 a.

73 1843 141 1919 H'u
156 1847 338 1921 rationibus
351 1845 492 1943 persuasa
506 1845 631 1919 milites.
642 1843 774 1919 sublatis
839 1909 842 1917 ,
942 1828 945 1847 '

74 1938 173 2038 fignis
194 1944 229 2014 in
250 1943 385 2017 Urbem
407 1941 548 2039 profeffi
563 1945 656 2029 sunt3
684 1939 725 2010 ἃ·
737 1943 774 2012 in

73 2043 249 2114 Atetatino
263 2039 364 2111 castra
378 2038 573 2134 posuerunt:
600 2063 639 2110 ac
653 2037 775 2135 postri-

72 2135 126 2211 die
151 2137 272 2212 decem
296 2134 471 2209 Tribunos
503 2133 679 2220 militum,
717 2135 775 2229 qui

72 2233 221 2310 summae
235 2234 283 2306 rei
299 2232 494 2334 maceriem,
507 2251 676 2323 crearunt.
709 2230 775 2305 His

72 2332 187 2429 postea
201 2333 284 2408 alter
300 2332 500 2422 exercitus,
522 2329 578 2418 nui
594 2329 629 2400 in
644 2325 773 2403 Sabinis

74 2450 168 2516 erat,
207 2429 342 2506 auetore
377 2430 481 2506 Icilio.
504 2427 774 2525 Numitorioque

72 2525 205 2604 acceffir
220 2529 264 2600 b:
297 2527 333 2600 ὃ(
349 2532 448 2604 etiarn
469 2527 528 2605 fibi
548 2525 666 2600 decem
690 2527 773 2599 Tri·

74 2623 179 2699 bunis.
188 2628 324 2712 creatis,
352 2624 384 2699 se
402 2629 494 2702 alteri
510 2623 671 2702 exercitui
690 2627 770 2723 jun·

72 2722 154 2810 xit.;
182 2724 278 2799 itaut
299 2748 398 2822 penes
414 2729 475 2799 hos
498 2725 620 2822 viginti
636 2721 770 2794 Tribu-

70 2846 136 2899 nos
161 2824 353 2917 iamrerum
372 2822 502 2901 [uonna
519 2822 608 2895 effer.
658 2817 770 2888 Cum·
869 2880 873 2890 .

702 2935 767 3008 que

61 3071 86 3116 >a
103 3064 184 3120 nun.
203 3066 266 3126 nat.
290 3075 321 3128 n.
336 3068 385 3125 an.
406 3083 427 3122 c.
444 3075 491 3138 43.
549 3059 569 3121 b
586 3060 648 3122 aiv.
670 3067 701 3121 a.
716 3067 768 3124 ru.

105 3159 129 3199 c.
149 3157 194 3215 5¹·
495 3187 497 3192 .
