2002 3554
6 3220 46 3319 N

166 170 241 260 3⁶4
382 149 689 228 Hrsnoxii

169 322 221 392 nis
235 314 486 392 dillenlionibuu
503 338 562 389 eos
577 316 782 390 invenerunt
797 314 883 395 auis

165 418 239 511 ¹dion
256 433 275 476 ²
295 443 305 490 ε
329 416 377 490 ita
390 435 429 489 ut
442 412 687 514 quiescentibus
706 415 879 492 Romanis

168 514 324 591 Gallicus
341 516 398 589 ille
414 515 577 587 tumultus
592 512 700 613 perse
716 515 878 590 concide·

169 617 227 689 rit.
274 616 352 713 Boji
378 635 510 696 tumen,
539 610 631 709 quod
649 610 878 701 rebellassent.

169 734 293 811 mogun
307 712 381 813 agri
404 732 499 810 parte
515 709 668 785 muluati
683 708 771 785 sunt.
807 710 877 784 Eo-

169 811 248 884 dem
270 832 359 883 anno
379 834 459 882 cum
476 808 561 884 alter
578 807 705 899 Consul
731 814 768 881 C.
787 814 878 881 Lici·

171 917 240 982 πίω
263 914 367 981 Varus
387 908 573 983 Sardiniam
589 906 806 997 obtinuiffet‚
831 909 879 980 le·

172 1029 289 1107 gutum
307 1006 400 1080 suuni
421 1004 779 1087 Claudiurn-Gliciam
795 1028 878 1080 cum

171 1101 284 1203 copiis
305 1106 341 1177 in
363 1103 539 1177 Corsicam
556 1101 747 1203 praemisit,
773 1126 881 1201 quan·

171 1203 220 1276 do
242 1201 312 1303 ipse
330 1226 413 1276 cum
434 1220 514 1275 toto
537 1202 692 1275 exercitu
708 1200 758 1274 ob
773 1226 878 1299 periu-

171 1303 256 1377 rium
278 1303 413 1373 navium
432 1324 475 1372 eo
491 1298 645 1396 trajicere
658 1322 731 1372 non
754 1296 875 1398 pollet.

172 1400 224 1473 At
246 1400 302 1471 hic
328 1398 443 1472 Gliciu
469 1417 546 1470 rote
568 1395 725 1470 Consulis
751 1396 878 1471 adven·

173 1499 260 1571 tum'
315 1518 390 1568 cem
416 1519 497 1568 cum
515 1495 630 1568 Corfis
646 1494 750 1570 lecit:
775 1522 877 1595 quam

169 1617 250 1665 cum
292 1612 408 1664 enatus
425 1614 531 1666 ratam
550 1593 674 1666 habere
682 1592 791 1667 nollet
798 1595 877 1671 Gli·

168 1693 256 1763 ciam
279 1688 393 1759 Cursu
417 1688 567 1763 dedidit:
593 1690 748 1788 aquibus
763 1712 877 1768 tamen

166 1804 322 1879 inceptus
342 1802 411 1855 non
437 1787 485 1856 eli
505 1788 522 1844 b
541 1820 554 1872 3
587 1788 876 1882 quemadmodum

170 1881 254 1955 olim
271 1906 290 1952 a
307 1879 516 1957 Samnitibus
537 1883 722 1979 Consules,
748 1891 805 1985 qui
813 1914 877 1986 pn-

168 2002 245 2053 cem
270 1979 460 2053 Caudinam
484 1981 648 2071 fecerant,
675 2008 757 2058 cum
774 1986 877 2061 dede·

166 2098 305 2165 rentur,
341 2101 495 2176 receptos
519 2104 588 2154 non
611 2081 705 2155 luille
720 2085 875 2162 vidimus.

165 2177 231 2252 Sed
248 2177 387 2251 domurn
403 2180 548 2255 reversus
562 2183 596 2250 in
611 2180 745 2279 publica
762 2184 875 2258 custo·

166 2275 220 2347 dia
252 2297 387 2348 necatus
413 2277 461 2348 est
486 2278 621 2364 Glicia;
654 2277 691 2350 &
721 2280 758 2350 in
770 2284 879 2372 scalas

167 2379 330 2441 Gemonias
345 2372 505 2467 abiedius.
528 2377 657 2447 Nescio
677 2396 814 2469 autem,
830 2405 874 2454 nn

167 2469 225 2539 hic
240 2470 330 2538 idem
350 2467 388 2540 sit
407 2470 541 2558 Glicia;
567 2497 667 2571 quem
676 2482 777 2575 capite
783 2498 873 2578 prae·

166 2565 874 2672 cedentem1.DidintoremaClaudioper

164 2661 345 2736 ludibrium
363 2663 491 2738 diuum
524 2669 688 2740 vidimus:
715 2695 791 2743 nani
811 2673 872 2745 fie-

163 2759 191 2831 ri
211 2761 345 2854 potest,
380 2784 417 2833 ut
435 2764 534 2836 abeo
552 2787 707 2863 tempore
727 2768 872 2843 honores

162 2856 345 2956 quoldum,
386 2861 467 2935 licet
498 2863 683 2964 indiguus,
715 2866 869 3037 quiscum

755 2964 874 3064 ighius

195 3093 317 3166 aPolyb.
343 3102 373 3150 L.
386 3102 422 3153 11.
443 3115 463 3158 r.
475 3113 523 3162 21.
578 3099 742 3164 bzonarar.
772 3108 872 3164 Amin.

156 3173 248 3233 Marc.
267 3176 298 3229 L.
314 3177 383 3231 XIV:
396 3173 425 3244 f.
