2048 3526
175 134 338 210 Rapui.
363 103 536 209 Romu.
562 133 700 210 Lmv.
755 132 819 228 589'

113 302 139 390 J,
171 296 300 367 circulis
327 295 514 368 nuninodo
531 296 610 392 quid
628 294 817 369 faciendum

120 450 148 484 ‚,
175 393 252 464 ellet
280 391 489 479 statuerent;
519 392 589 478 sed,
617 391 738 487 liquid
755 396 813 467 ali·

115 541 138 577 „
166 509 236 574 ter,
262 511 362 584 quam
380 489 662 583 ipficensuiffent,
688 488 813 566 fletum

108 638 141 677 ,‚
172 588 268 675 ellet,
294 585 496 675 Consulem,
521 588 611 658 velut
638 585 724 658 didm
739 590 813 679 die,

116 735 144 775 „
169 684 369 764 accusarent.
422 685 557 780 ltaque,
585 684 699 782 siquis
714 684 817 768 ellet,

113 833 140 874 „
166 782 243 878 qui,
269 783 359 877 quod
377 802 397 850 'e
415 781 601 878 Republica
620 782 730 869 foret,
748 781 816 853 lua·

116 929 142 969 ‚‚
167 880 245 951 dete
272 879 303 950 se
318 877 407 975 polle
425 878 628 964 confideret,
654 879 761 949 secum
781 882 817 950 in

120 1027 147 1067 ,‚
173 976 408 1048 Mucedoniam
426 980 565 1050 veniret.
615 978 649 1050 Si
666 1001 764 1071 quem
783 973 818 1047 id

119 1120 143 1164 ‚‚
170 1076 279 1148 facere
306 1076 460 1173 pigeret,
495 1100 513 1146 e
532 1095 615 1148 terra
634 1098 674 1144 ne
690 1074 817 1171 guber·

118 1174 321 1262 „naret”
373 1173 585 1268 similiaque,
619 1196 718 1268 quam
751 1171 818 1265 pri·

120 1285 216 1342 mum
242 1266 281 1336 ad
308 1273 495 1341 exercitum
522 1270 634 1350 venit,
658 1267 819 1340 militibus

121 1367 242 1438 edixit.
271 1362 318 1437 Et
334 1368 453 1439 merito
467 1366 593 1440 Consul
602 1365 756 1438 omnibus
766 1366 818 1436 vi·

121 1462 212 1536 ribus
239 1460 278 1533 ad
302 1485 415 1533 curam
445 1464 523 1535 belli
546 1464 693 1535 animum
712 1465 820 1534 inten·

126 1559 245 1643 debat,
276 1559 366 1652 quod
385 1576 509 1658 magno
526 1580 682 1655 apparatu
702 1559 821 1630 instru-

122 1656 215 1730 &um
227 1655 439 1753 Perseasciret
459 1671 473 1715 '³
493 1686 503 1742 3
520 1656 820 1753 quanquamipsum
848 1645 865 1671 ⁴

124 1774 238 1827 tamen
260 1752 425 1852 Regem,
457 1778 557 1850 quem
574 1755 821 1853 imprudentem

126 1851 163 1922 δε
192 1851 360 1923 imbellem
388 1872 545 1939 noverat,
579 1850 826 1925 contemneretj'

83 1942 88 1955 '
127 1954 244 2040 Atque
262 1966 331 2019 erat
343 1950 385 2017 -in
403 1971 527 2043 magno
544 1968 668 2018 terrore
688 1948 820 2019 Perseus

127 2043 174 2117 ob
188 2043 366 2115 adventum
382 2045 515 2116 Aemilii
526 2047 821 2140 Odaviiquel'rae·

128 2143 212 2215 toris
237 2140 264 2212 b.
313 2139 458 2229 Consul,
485 2161 522 2214 ut
540 2145 575 2213 in
592 2142 691 2214 castra
706 2146 818 2231 venit,

127 2238 330 2314 laborantem
357 2241 491 2335 penuria
514 2254 616 2335 aquae
633 2243 820 2312 exercitum

120 2338 253 2432 reperit
272 2363 280 2407 ε
314 2337 365 2407 sed
394 2360 435 2408 ex
453 2337 562 2408 virore
574 2335 680 2434 ¹sylvae
697 2340 823 2504 Olyrppo

129 2436 239 2506 monti
257 2434 589 2530 impofitaea'quarum
599 2435 666 2507 illic
676 2436 761 2506 elica
790 2460 827 2502 a·

132 2533 194 2604 tim
220 2532 400 2627 conjiciens
424 2531 464 2604 ad
486 2532 585 2630 ipfius
600 2534 725 2605 montis
741 2529 827 2603 radi·

132 2652 188 2701 ces
222 2628 407 2724 frequentes
423 2630 634 2724 scaturigines
646 2630 778 2726 aperuit
804 2645 829 2705 0.
863 2659 865 2665 ·

134 2727 248 2798 Multa
261 2730 360 2815 etium
373 2729 412 2796 in
428 2725 596 2822 disciplina
608 2725 740 2797 militari
751 2749 827 2798 cor.

133 2826 242 2897 rexit:
270 2824 402 2896 &mox
421 2843 526 2896 totam
538 2844 682 2895 mentem
693 2846 828 2895 eocon·
868 2856 871 2863 λ

704 2941 826 3007 vernt,

173 3076 190 3117 a
209 3063 264 3120 vid.
284 3056 356 3120 Plut.
373 3064 400 3119 d.
422 3045 441 3120 t'
458 3065 557 3139 pazdt.
595 3064 612 3125 b
631 3064 691 3128 Liv,
705 3070 829 3130 tutu<

135 3150 210 3212 κῃ.
247 3140 351 3201 celui.
369 3139 395 3199 d.
412 3140 429 3199 l.
444 3143 541 3217 padi.
