2002 3554
224 155 292 254 228
441 153 743 230 Hrsnonrn
801 216 806 226 .

226 317 334 394 &ntes
349 316 458 390 minus
471 337 581 392 certos
599 315 728 390 secutus
744 315 846 392 fuerit
868 319 943 394 So·

227 417 315 490 linus
333 432 379 500 a,
411 416 471 512 qui
494 415 599 504 dicit,
625 417 661 510 se
688 421 859 515 aceepiffc,
889 419 940 490 bis

228 512 408 608 Consulibus
429 511 547 603 claffem
572 519 745 584 Romanam
760 521 842 584 inter
861 512 937 588 baec

230 614 350 705 vadosa
369 620 413 684 im
432 637 490 681 rme
502 612 688 712 perfretaffe.
722 612 850 710 Neque
870 612 938 687 hac

230 710 325 784 clade
352 633 500 783 detlnui
521 710 678 814 periculis
705 709 842 783 fuerunt
861 713 938 787 Ro·

231 808 337 882 mani:
371 830 478 891 nam,
509 815 591 878 dum
620 805 781 878 Consules
807 827 938 881 temere

230 928 292 1004 per
307 904 430 979 fretum
447 903 600 979 Romam
618 904 847 994 contendunt,
862 925 940 977 tan·

231 1023 299 1076 ttm
315 1004 437 1077 iterum
455 1001 690 1102 tempestatem
707 1005 836 1100 experti
846 1000 936 1094 sunt,

230 1121 270 1174 ut
290 1101 429 1198 amplius
454 1121 594 1175 centurn
614 1101 857 1199 quinquaginta
874 1123 935 1173 na·

231 1222 287 1273 ves
307 1200 521 1274 amitterent:
548 1200 595 1274 ita
612 1219 652 1273 ut
660 1197 934 1272 Senatusconsul·

230 1317 269 1369 to
286 1294 458 1371 decretum
475 1296 594 1384 fuerit,
620 1301 714 1371 maris
725 1299 864 1397 pericula
872 1321 935 1366 nan
958 1306 960 1311 ’

229 1399 481 1494 ultraexperira'5
506 1393 675 1495 sexaginta
686 1393 788 1466 modo
797 1394 934 1467 navium

229 1493 323 1566 clslle
345 1494 490 1583 servata,
522 1519 586 1586 qua
614 1492 787 1566 necellnria
801 1493 835 1563 in
852 1516 936 1588 pro·

229 1593 354 1664 vincias
388 1591 689 1665 transveherentur.
747 1588 820 1664 Vix
851 1613 939 1690 ergo

228 1712 307 1761 cum
337 1686 512 1784 Polybio,
547 1688 738 1782 Eutropio,
779 1686 934 1780 Zonarn,

229 1785 286 1882 qui
307 1781 349 1855 de
364 1781 512 1856 cladibus
532 1783 601 1854 hoc
623 1807 710 1855 anno
727 1786 874 1882 acceptis
882 1783 936 1856 lo·

229 1901 405 1977 quantur,
447 1882 619 1957 conciliari
670 1882 805 1979 poliunt
846 1882 935 1957 Fasti

230 1978 463 2076 triumphales,
490 1980 524 2051 in
538 1978 658 2076 quibus
676 1980 745 2053 duo
768 1980 936 2078 triumphi

229 2078 272 2150 de
300 2079 419 2151 Poenis
435 2077 474 2149 ad
493 2078 584 2150 hunc
599 2101 721 2149 annum
743 2101 934 2152 memoran-

228 2195 302 2251 tur:
330 2175 391 2248 nifi
408 2175 554 2250 dieamus
570 2175 654 2248 olim
674 2173 798 2248 fretum
815 2174 933 2263 fuille,

227 2275 319 2372 quod
344 2274 446 2347 hodie
469 2298 538 2346 non
567 2273 757 2370 infrequens
780 2271 857 2358 est,
892 2295 935 2348 ut

228 2373 329 2446 etiarn
353 2369 433 2442 viui
461 2370 617 2444 villorias
647 2371 714 2442 luas
750 2368 933 2444 celebrent.

228 2471 344 2561 Atque
361 2469 406 2537 ita
431 2466 524 2541 falsus
543 2471 642 2541 etiam
657 2467 929 2556 fueritdenarius‚

228 2566 303 2652 (vel
322 2565 431 2657 potius
448 2568 600 2662 quicum
624 2565 694 2639 fieri
705 2568 858 2654 curavit)
872 2569 933 2665 qui

226 2667 286 2732 Cn.
300 2665 446 2761 Scipionis
456 2667 573 2757 Afinae
580 2663 732 2737 Consulis
744 2666 834 2736 Anni
843 2691 931 2762 499.

227 2761 438 2858 triumphum
463 2762 505 2833 de
526 2762 647 2833 Poenis
664 2761 810 2836 celebrat
827 2763 873 2835 b:
900 2767 932 2834 i·

227 2879 364 2956 temque
381 2860 492 2945 alter,
523 2862 559 2931 in
595 2868 727 2954 quoC.
754 2865 930 2962 Sempronia

223 2959 338 3052 Blaeso
359 2956 509 3056 collegae
530 2957 697 3056 Scipionis
707 2959 932 3059 triumphanti

818 3056 932 3134 villo·

40 3206 179 3328 κ
210 3216 212 3223 ‹
252 3148 369 3254 iujo.
407 3136 828 3252 bviiil'aillssxomlienn„
904 3240 906 3244 Α
