2002 3554
127 119 284 201 Remus.
308 57 472 202 Rostris.
496 121 637 202 Lmlt.
673 144 762 225 ⁷149
795 146 797 150 “

56 335 87 377 ›„
105 308 259 384 agroque
275 287 439 362 Romano
457 288 651 384 ampliores,
675 285 761 362 ube·

56 432 86 474 „
111 385 277 478 tionesque
295 385 418 471 client,
443 384 548 481 plebis
561 387 762 485 Senatusque

58 532 88 573 „
113 483 200 578 parti
218 480 396 555 habitanda
415 481 582 555 darentur.
604 487 630 518 ’³
661 482 762 580 Qsac

56 600 114 650 res
136 578 317 654 constantia
344 578 388 651 ·&
412 578 621 656 fortitudine,
634 574 759 675 princi·

56 697 143 844 pum
170 676 326 765 Senatus,
360 679 417 771 qui
440 676 472 751 se
486 677 668 751 identidem
684 676 760 773 ple·

56 795 96 947 [at
119 773 319 850 occidendos
332 773 538 865 offerebant,
555 777 620 849 fuit
635 774 759 849 dilcus·

107 977 185 1054 526.
222 969 267 1043 A.
285 969 338 1044 U.
361 992 439 1070 359.
464 970 606 1045 Faliscos
623 971 674 1043 Μ.
687 968 753 1041 Fu·
766 969 833 1058 ἧός
857 977 915 1064 θοῇ

54 1065 124 1140 rius
148 1065 312 1139 Camillus
337 1070 485 1141 obsedit:
518 1069 555 1140 &
580 1071 757 1141 diuturnus
765 1046 919 1121 mmm·

56 1163 151 1237 labor
165 1161 422 1238 forevidebatur
440 1183 481 1253 ²,
506 1189 584 1238 cum
593 1164 661 1237 istis
669 1137 918 1276 tem-'Jis’pgg’ffi¹

56 1260 196 1360 poribus
238 1261 394 1348 omnibus
430 1261 558 1336 bellicis
598 1262 761 1336 machinis

56 1358 212 1431 nondum
233 1359 396 1447 inventis,
421 1362 762 1434 commeatumintet·

23 1488 26 1496 ¹
56 1454 227 1529 eludendo
244 1459 399 1530 'maxime
421 1457 556 1532 obsessas
577 1459 674 1531 urbes
694 1479 761 1530 ex·

55 1575 211 1652 pugnate
225 1574 435 1653 cogerentur.
460 1555 527 1633 Sed
534 1553 756 1629 commodum

21 1667 24 1670 ’
54 1652 193 1742 evenit,
209 1671 264 1742 ut,
274 1677 438 1750 promote
453 1653 648 1728 docentium
663 1651 755 1754 apud

31 1770 205 1836 reterns,
237 1748 392 1848 magiller
413 1751 534 1825 liberos
560 1754 752 1851 principum

55 1846 211 1920 erudiens
228 1870 290 1920 eos
313 1847 354 1922 ad
379 1849 614 1925 ambulandum
630 1850 755 1949 saepius

56 1943 217 2019 educeret
234 1975 246 2032 ς
277 1967 377 2044 atque
391 1946 509 2021 senlim
523 1949 656 2046 longius
673 1971 756 2045 pro·

57 2040 227 2142 gediendo
249 2066 306 2113 eos
328 2042 462 2116 tandem
486 2045 687 2140 perduceret
719 2045 756 2115 in

57 2139 126 2238 ipsa
149 2140 387 2212 Romanorum
411 2139 514 2212 castra
534 2164 546 2227 3
576 2160 614 2213 ut
645 2140 690 2211 ita
704 2160 756 2210 ¹co

57 2241 206 2337 pignore
232 2235 398 2308 Romanis
421 2235 545 2310 tradito
576 2257 760 2334 puerorum

55 2357 207 2436 patentes
229 2336 331 2408 etiam
357 2334 474 2408 urbem
506 2331 596 2407 suam
628 2333 759 2406 tradere

58 2452 281 2529 cogerentur:
306 2431 358 2505 sed
376 2426 500 2507 scelesti
519 2432 664 2506 hominis
677 2455 755 2532 per·

61 2530 178 2604 fidiam
192 2528 757 2608 detestatusCamillurdenudatum

58 2652 156 2717 eum,
184 2627 334 2701 manibus
350 2633 423 2726 poll
440 2652 574 2728 tergum
591 2631 757 2730 religatis,

57 2725 285 2801 reducendum
319 2725 356 2798 ὃ(
390 2728 494 2826 virgis
516 2726 761 2812 verberandum

59 2822 173 2922 puetis
191 2820 338 2896 tradidit.
365 2823 442 2896 Hac
459 2821 596 2897 Camilli
611 2821 761 2921 probita·

59 2940 131 2996 tate
159 2919 244 2992 moti
259 2917 374 2989 Falisci
371 2921 425 3088 Kse
438 2919 606 2996 Romanis
620 2917 761 3088 dedunlt.

433 3041 474 3115 3.
640 3085 641 3088 ,
683 3087 684 3090 ,
740 3038 763 3090 u

99 3149 117 3197 a
135 3133 198 3218 §ing
215 3142 247 3219 ξ.
259 3142 305 3202 ll’.
323 3135 403 3204 nzd.
