2002 3554
157 113 233 199 168·
343 110 674 187 ‚His-nonin
772 108 843 175 ’ἲ-

156 294 301 375 potens3
328 276 423 374 cujus
440 272 528 347 filiae
540 270 628 345 dune
641 286 784 368 nuptae,
803 273 871 347 Ser.

161 376 294 468 Sulpicio
304 372 413 470 major
428 425 440 458 ,
466 374 578 443 minor
586 369 779 443 C.Licinio
787 370 866 442 Sto·
880 431 881 434 ,

158 469 241 545 loni.
267 469 371 543 Forte
390 471 435 541 ita
450 468 589 554 incidit,
613 467 694 538 utin
704 466 775 542 Ser.
788 467 865 539 Sul·

159 567 243 666 picii
267 565 417 645 Tribuni
451 565 597 638 militum
624 562 728 635 domo
743 562 864 637 sorores

161 664 275 740 Fabiae
292 661 562 750 sermonibus,ut
572 660 612 732 fit
624 713 634 745 ‚
646 661 866 734 intersetemss

162 786 224 862 pus
243 781 390 834 tererent
426 759 558 856 quando
583 755 681 832 iiiior
710 759 869 856 Sulpicii,

188 882 269 931 uum
294 861 320 931 is
344 856 386 931 de
400 855 476 930 foro
491 855 524 928 se
539 855 678 928 domum
693 858 869 954 inciperet,

161 884 272 1031 iorem
295 965 359 1045 (ut
373 978 449 1029 mm
476 961 570 1037 erat)
597 953 690 1050 virga
708 973 864 1052 percute·

165 1075 230 1131 ret.
276 1052 397 1148 Quum
421 1051 460 1125 nd
484 1051 517 1124 id
543 1052 644 1124 moris
658 1053 729 1146 ejus
745 1049 870 1123 insueta

164 1151 345 1246 expavisset
376 1153 494 1221 Minor
510 1151 621 1221 'fabia
653 1145 728 1220 risui
767 1144 870 1221 sorori

166 1247 262 1336 fuit,
293 1249 427 1322 miranti
465 1249 620 1348 ignorare
652 1245 685 1318 id
713 1244 869 1319 sororem.

168 1343 354 1421 Confusam
369 1372 442 1418 eam
458 1369 537 1418 cum
554 1364 646 1442 pater
663 1342 750 1415 forte
770 1341 870 1416 vidis·

167 1442 216 1519 set
242 1443 383 1518 caussam
409 1443 535 1517 doloris
558 1443 691 1528 elicuit,
728 1440 871 1539 eamque

167 1540 351 1615 consolatus
368 1538 537 1638 promifit‚
577 1590 601 1630 ,‚
626 1538 868 1635 utpropedicm

170 1689 196 1730 ,‚
219 1637 352 1710 eosdem
368 1637 461 1709 domi
480 1637 623 1709 honores
638 1636 777 1722 uideret,
789 1659 873 1732 quos

167 1732 309 1829 „apud
349 1733 494 1807 sororem
543 1733 669 1806 viderat
695 1735 724 1806 ”.
776 1733 872 1832 Ergo

169 1853 250 1904 cum
266 1853 416 1925 genero,
438 1828 591 1903 adhibito
607 1832 707 1902 etiam
725 1831 768 1903 L.
784 1833 872 1905 Sex·

170 1929 234 2014 tio,
261 1926 397 1999 confilia
417 1929 501 2000 inire
526 1928 668 2023 coepit:
704 1931 872 2025 creatique

170 2022 423 2123 fumumque,
447 2023 539 2124 quod
556 2024 716 2106 vidimus.
741 2026 871 2100 Tribu-

173 2124 210 2198 ni
224 2124 358 2222 plebis3
398 2123 572 2224 Legesque
587 2126 658 2223 jum
677 2121 779 2196 diibus
794 2149 873 2220 pro·

163 2222 379 2331 -mqlgarunu
424 2222 582 2318 Cumque
602 2242 709 2317 patres
724 2221 872 2296 remedio

170 2320 287 2393 multis
304 2321 375 2414 jam
391 2340 466 2391 nme
480 2319 714 2393 certaminibus
728 2338 871 2415 experto
897 2406 899 2411 ⁴

170 2434 372 2496 uterentur,
404 2416 608 2511 collegarum
634 2439 754 2513 nempe
770 2420 874 2489 inter·

173 2506 330 2595 ceffione,
352 2509 485 2582 tandem
507 2513 641 2584 Sextius
652 2542 686 2584 ea
699 2519 760 2614 ipsa
774 2522 873 2585 inter·

172 2602 295 2696 ceffiune
322 2624 490 2678 tutaturum
511 2613 548 2701 fe
570 2615 625 2702 effe
642 2616 872 2710 plebem-pro·

171 2697 269 2774 fessus
292 2700 348 2773 est.
402 2706 514 2803 Atque
539 2709 585 2781 ita
610 2707 803 2805 prohibuit,
831 2733 874 2782 ne

173 2802 310 2873 comitia
328 2822 457 2897 praeter
473 2804 627 2878 aedilium
643 2805 872 2878 tribunorum·

172 2922 242 2994 que
259 2897 361 2992 plebis
384 2899 593 2975 haberentur.
617 2901 682 2997 lpfi
691 2904 800 2974 autem
810 2925 871 2997 per

172 3010 287 3085 torum
311 2999 574 3100 quinquennium
594 2998 739 3076 Tribuni
763 2997 872 3174 plfeqqs

313 3118 316 3125 ⁴
753 3121 822 3174 ree
859 3123 871 3180 ι
