2002 3554
15 256 18 261 ι
121 160 280 239 Rnrrun.
303 158 463 239 Roman.
488 158 629 238 Linll.
679 120 750 262 43!

51 326 132 400 clari
153 341 199 411 ²,
231 326 410 421 eruptione
451 318 538 394 saeta
560 321 757 403 dimicantes
855 333 857 341 ’

20 478 23 482 -
54 423 268 495 ceciderunt:
295 422 376 493 dum
393 422 528 492 interim
548 425 755 520 conjugesac

54 522 151 593 liberi
176 544 293 590 eorum
321 545 340 590 a
364 517 608 615 quinquaginta
623 524 756 614 juveni·
868 578 874 591 ,

54 619 142 706 bus,
173 614 291 713 quibus
318 616 351 687 id
373 617 564 688 mandatum
579 636 674 703 erat,
696 643 757 694 oc·

54 715 265 801 ciderentur3
291 718 349 812 qui
365 714 486 786 deinde
499 711 584 785 urbe
598 716 759 788 etiamin·

15 848 18 853 ·
56 813 149 884 censa
177 811 288 885 medio
317 813 474 885 incendio
508 810 539 881 se
561 813 758 908 injecerunt.

55 910 228 983 Marcium
260 909 338 981 inde
362 910 538 1008 postquam
562 910 676 981 Gades
694 911 761 981 mi·

55 1006 161 1093 sisset,
186 1033 265 1081 curn
308 1007 362 1104 spe
378 1012 449 1105 ejus
464 1007 554 1078 urbis
568 1030 628 1102 per
645 1006 759 1104 prodi·

22 1154 25 1161 -
58 1107 187 1178 tionem
215 1104 396 1202 potiundae
420 1117 528 1200 (quae
552 1124 664 1176 tamen
688 1105 759 1205 spes

17 1226 21 1233 ·
56 1226 134 1275 eum
160 1203 284 1276 refellit
302 1204 319 1262 b
339 1209 354 1290 )
379 1203 494 1300 ipsein
510 1223 649 1299 gravem
666 1227 758 1275 mor-

10 1364 13 1379 ,
58 1300 142 1373 bum
164 1302 283 1375 incidit
304 1319 348 1372 c:
375 1303 470 1397 cujus
491 1301 536 1371 rei
554 1297 662 1388 fama,
683 1319 760 1385 tan·

58 1414 132 1495 turn
158 1400 280 1472 inuno
302 1399 376 1471 viro
392 1399 557 1470 momenti
575 1416 663 1484 erat,
689 1396 760 1471 ndn

10 1518 30 1579 ἢ
59 1515 190 1568 tantum
221 1495 447 1592 Hispanorum
464 1496 587 1569 multos
609 1495 649 1567 ad
667 1495 761 1568 defe-

58 1591 206 1664 slionem
231 1592 427 1690 compulit3
461 1591 521 1664 sed*
538 1590 761 1690 gravissimam

59 1691 161 1762 etiam
187 1692 221 1761 in
243 1693 393 1765 exercitu
411 1691 676 1779 Romanorum,
702 1693 762 1790 qui

59 1788 100 1860 ad
130 1793 319 1877 Sucronem,
337 1788 541 1888 praefidium
560 1790 607 1862 cis
626 1789 762 1864 lberum
854 1883 856 1887 Ι

60 1887 238 1984 gentibus,
274 1908 361 1974 erat,
394 1886 592 1959 seditionem
609 1888 762 1960 concita·

28 2006 32 2015 ·
60 1985 131 2057 rit:
154 1983 345 2081 praesertim
363 2006 442 2054 curn
457 1985 558 2055 etiam
569 2006 679 2056 morte
687 1986 762 2058 Sci·

10 2092 14 2135 ἱ
62 2082 171 2179 pionis
192 2080 271 2155 salso
290 2079 416 2154 credita
433 2081 534 2151 animi
544 2081 691 2152 militum
699 2103 762 2170 oc·

10 2212 13 2221 ·
62 2201 291 2253 enecarentur.
324 2178 455 2250 Verum
471 2175 646 2273 postquam
670 2177 764 2250 vive·

62 2300 99 2356 re
122 2292 201 2349 eum
228 2280 424 2350 nunciatum
440 2275 509 2363 est,
524 2273 585 2347 ·stu
611 2278 681 2348 enti
696 2276 765 2366 jam

14 2370 17 2375 ’
61 2374 215 2447 seditioni
238 2374 389 2447 Tribuni
419 2374 562 2445 militum
580 2301 705 2470 sdptem
725 2370 768 2446 ab

15 2520 19 2527 -
64 2473 137 2569 ipso
154 2474 313 2568 Scipione
327 2469 409 2544 miffi
417 2473 686 2570 supervenerunt.
711 2472 766 2546 Hi

63 2569 199 2666 placido
216 2570 365 2642 sermone
375 2573 501 2642 animos
509 2569 764 2669 permulserunt‚
835 2611 841 2617 -

64 2667 270 2764 stipendium
286 2694 354 2742 non
370 2669 412 2741 ad
427 2668 658 2760 diemdatum,
675 2668 764 2740 frau·

18 2790 23 2811 ·
66 2762 224 2860 datosque
260 2764 296 2840 se
341 2765 461 2863 praeda
490 2769 769 2865 Iliturgitanorum

66 2865 291 2962 querentium.
316 2858 770 2960 Tranquillioremetiamse-

667 2956 770 3028 ditio·

76 3177 80 3181 .
106 3097 123 3157 a
142 3100 206 3168 ibid.
222 3118 298 3188 ‘2²02
352 3101 371 3184 p
391 3096 456 3167 ibid.
473 3118 495 3166 r.
508 3115 554 3178 30·
568 3099 611 3176 sq.
667 3092 768 3174 elliu

77 3194 98 3247 t·
117 3190 164 3250 2⁴·
393 3235 395 3240 ,
