2002 3554
183 148 337 227 Rssu’un.
360 154 524 229 Romu.
542 107 634 238 [ιι.
646 152 693 228 11.
744 176 809 255 213

115 314 297 390 Etruscum
321 309 436 384 foedus
462 332 574 409 petere
596 318 729 416 cofigite
760 316 815 390 sed

77 447 80 457 ³
117 413 272 486 induciae
294 431 423 484 tantum
448 435 575 483 annuae
590 412 693 487 datae.
742 417 816 489 Ve·
880 445 886 454 ·

118 534 195 582 rum
212 534 333 609 magna
349 511 539 581 Tuscorum
556 533 631 607 pars
648 511 756 584 statim
772 515 815 588 ab

119 605 263 682 Umbris
276 607 316 680 ad
333 605 547 681 rebellionem
564 608 612 680 est
630 610 818 705 compulsu

100 795 103 802 ¹
120 704 188 792 ita,
212 726 252 782 ut
274 705 305 779 se
328 706 368 778 ad
387 706 651 804 oppugnandum
669 708 836 779 Romam*

120 803 228 876 ituros
243 803 485 899 effejaiiarent.
512 806 627 903 ltaque
642 809 743 878 etiam
757 800 822 884 Fa·

121 899 201 976 bius.
218 901 343 974 Consul
357 902 396 976 ad
417 902 521 974 Urbis
537 903 676 977 tutelam
693 901 822 976 arceffi·

121 1018 199 1074 tur:
224 1003 317 1096 cujus
333 1001 428 1072 miles
442 1000 574 1072 hostem
604 999 824 1072 maximaala·

123 1099 242 1171 critate
265 1097 399 1168 adortus
420 1096 517 1168 facile
542 1097 655 1171 sternit
673 1094 697 1182 ς’
719 1099 767 1171 ita
786 1119 825 1171 ut

124 1198 227 1268 etiam
247 1196 283 1265 in
299 1192 490 1288 sequentem
506 1218 628 1268 annum
645 1197 823 1292 imperium

124 1290 188 1390 ipsi
199 1293 568 1460 proroiareturzinque
580 1295 775 1388 coimperio
785 1293 873 1366 ada.
886 1290 986 1368 [144⁶-

126 1393 256 1484 Allifas
270 1415 309 1461 ur
333 1411 387 1460 em
398 1409 485 1461 ‘cum
501 1390 705 1464 Samnitibus
725 1392 825 1463 mini·

128 1509 184 1558 me
199 1487 303 1559 dubio
318 1487 443 1582 praelio
452 1487 618 1560 conflixit.
636 1487 827 1587 lpfisubju·

125 1609 212 1683 gum
230 1583 333 1658 miffi:
360 1584 527 1659 'sociorum
547 1586 589 1660 ad
608 1585 733 1685 septem
750 1587 830 1660 mil-

125 1687 170 1757 lia
194 1681 253 1754 sub
274 1706 396 1756 corona
411 1684 548 1759 venditi.
601 1682 829 1758 Hernicorum

128 1781 188 1878 qui
208 1783 298 1877 capti
321 1801 414 1854 erant
438 1807 498 1880 per
524 1783 664 1855 Latinos
688 1784 832 1883 populos

129 1875 338 1953 custodiendi
354 1878 492 1966 damur,-
515 1881 605 1953 unde
614 1883 760 1954 Hernici
768 1908 832 1954 no·

111 2033 113 2036 -
131 1976 230 2050 minis
247 1975 363 2074 populi
386 1977 487 2051 etiam
495 1989 583 2050 anno
591 1979 746 2072 sequente
755 1979 832 2048 Ro·

132 2075 238 2148 manis
265 2074 391 2147 bellum
421 2072 628 2146 indixerunt.
661 2073 725 2144 Sed
740 2075 837 2146 trinis

132 2171 245 2246 castris
261 2167 347 2242 intri
363 2192 486 2262 paucos
501 2170 571 2242 dies
582 2171 680 2241 ‘exuti
696 2195 714 2240 a
730 2177 836 2240 Mar·

134 2275 180 2341 cio
198 2272 341 2340 Tremulo
359 2264 506 2340 Consule
524 2267 837 2360 indeditionemvre·

134 2367 227 2463 cepti
241 2367 315 2439 sunt
344 2383 370 2437 ².
421 2365 476 2437 Eo
492 2363 581 2440 bello
599 2362 757 2462 confesto
772 2364 834 2439 sta·

135 2467 199 2539 tim
218 2465 368 2537 Marcius
379 2464 553 2562 collegae,
578 2468 638 2561 qui
655 2467 689 2536 in
700 2465 837 2538 Samnio

136 2563 220 2636 locis
246 2563 416 2658 impeditis
431 2560 570 2641 obsessus
588 2562 697 2637 hostes
719 2564 760 2636 ad
774 2588 840 2661 pu·

140 2683 242 2758 gnam
272 2661 392 2732 elicere
426 2684 494 2731 non
521 2681 682 2757 poterat,
715 2661 840 2732 auxilio

139 2755 311 2856 profestus
341 2754 408 2828 est:
436 2755 492 2827 ubi
507 2760 594 2830 inter
607 2759 693 2831 duos
708 2759 841 2829 exerci-

139 2875 193 2928 tus
209 2854 389 2949 intercepti
409 2852 520 2927 hostes
536 2853 574 2926 &
587 2851 842 2951 maximaglade

139 2948 252 3028 affeeti
267 2948 352 3023 sunt.
401 2948 605 3025 Samnitibus
620 2946 844 3046 Herniiisque

449 3047 487 3122 O
505 3072 531 3144 -3
719 3047 846 3150 stipem

179 3166 396 3251 azimus.
414 3181 494 3246 ιη.
766 3170 769 3176 ’
842 3202 846 3207 -
