2002 3554
181 133 252 231 366
398 80 702 206 ninom

178 316 290 389 eoque
313 291 454 365 vinculis
478 292 642 366 liberatus.

22 405 103 474 518.
117 406 169 465 uel·
228 405 260 476 §.
278 391 420 468 XVlll.
445 393 575 464 Romae
597 394 728 467 interea
751 394 880 471 summo

20 486 76 543 Μ
90 503 111 571 ,⁴
123 492 173 540 ¹³⁰·
180 489 281 564 animi
294 490 411 565 ardore
426 489 549 562 bellum
557 491 778 588 reparabatur
787 520 798 567 r
808 520 879 569 natu

21 579 156 695 Ἓξ
182 609 312 685 praeter
331 591 464 672 servos,
497 588 540 660 de
565 589 687 686 quibus
711 591 877 675 diximus.
904 646 907 655 -

177 690 281 760 etiam
324 688 470 761 obaerati
508 685 724 786 sceleratique
755 692 878 779 ,armati
920 718 922 725 ·

177 785 255 860 sunt
279 800 314 859 ⁸:
340 785 377 859 ὅ(
392 807 471 857 curn
486 785 764 883 uigintiquinque
781 789 877 861 milli·

179 883 241 957 bus
267 907 467 961 armatorum
495 882 539 957 ab
563 882 659 956 Urbe
691 884 875 960 Flaminius

177 983 348 1080 profeblus
364 983 426 1058 est„
464 981 633 1055 Hannibal
647 1005 756 1070 vero,
784 985 876 1057 Nola

175 1081 296 1178 absque
310 1081 452 1155 succellu
466 1099 611 1165 tentata3
638 1078 834 1156 Nuceriam
843 1082 875 1154 in

176 1177 384 1252 deditionem
393 1199 563 1275 acceptam
572 1177 689 1273 diripit
703 1177 743 1249 bc
760 1182 876 1252 inccn-

65 1368 70 1374 .
177 1277 228 1349 dit
252 1278 281 1350 b.
330 1279 460 1352 Nolam
486 1275 667 1349 Marcellus
694 1274 875 1368 Claudius,

177 1399 257 1448 eum
271 1378 363 1475 plebs
379 1375 578 1451 Hannibalis
592 1393 664 1446 tota
679 1373 877 1463 ellet,aSe·

177 1496 259 1547 natu
280 1475 495 1548 Nolanorum
517 1473 643 1545 accitus
659 1472 695 1541 in
711 1471 783 1545 fide
798 1472 877 1546 reti·

176 1577 271 1662 nuit,
295 1577 333 1643 L.
354 1580 464 1641 Bantia
481 1570 666 1666 praesertim
685 1566 747 1642 fibi
760 1571 878 1643 conci·

177 1670 269 1742 liato.
320 1671 403 1741 Erat
419 1669 477 1739 hic
502 1669 668 1740 sociorum
689 1692 730 1739 ea
746 1678 877 1763 tempe·

178 1766 261 1838 state
284 1765 501 1839 nobiliffimus
522 1790 639 1862 eques,
666 1788 765 1861 quem
780 1764 876 1834 Can·

178 1863 270 1935 nensr
311 1865 436 1962 praelio
474 1864 672 1935 seminecem
704 1883 875 1958 repertum

178 1961 348 2036 Hannibal
365 1982 518 2035 curatum
534 1987 613 2034 cum
624 1961 719 2032 donis
733 1962 874 2033 domurn

177 2062 358 2136 remiserat.
394 2064 464 2134 Hie
483 2060 635 2133 Marcelli
652 2058 777 2130 artibus
794 2057 878 2130 adeo

177 2160 424 2239 mollitus'est‚
450 2180 488 2230 ut
503 2183 604 2230 nemo
625 2155 747 2227 deinde
767 2154 877 2227 socio·

176 2281 252 2330 rum
281 2284 351 2331 rem
375 2259 567 2329 Romanam
587 2254 716 2326 enixius
742 2254 874 2342 iuverit.

176 2353 338 2453 Cumque
352 2358 453 2426 etiarn
479 2353 582 2426 favori
597 2352 703 2449 plebis
720 2351 877 2424 Nolanae

176 2450 297 2525 fideret
313 2452 505 2539 Hannibal,
533 2451 714 2524 Marcellus
738 2476 756 2520 a
776 2451 875 2522 Sena·

176 2550 305 2621 toribus
341 2548 485 2621 Nolanis
513 2554 659 2622 monitus
695 2550 802 2619 aciem
829 2548 876 2618 ita

175 2645 263 2718 intra
288 2646 405 2719 urbem
433 2648 617 2740 instruxit,
644 2665 680 2718 ut
706 2642 877 2745 patefallis

177 2767 314 2842 repente
330 2750 434 2842 portis
448 2768 625 2844 erumpens
639 2745 795 2816 idoneam
808 2741 874 2813 cla·

176 2842 253 2916 dem
284 2845 467 2920 Hannibali
494 2845 675 2933 intulerit,
709 2863 806 2938 atque
826 2840 871 2907 ita

175 2939 354 3031 docuerit,
379 2951 465 3014 vinci
480 2969 547 3013 eum
556 2946 645 3046 posse.
696 2942 764 3016 His
779 2933 874 3008 laetis

219 3146 238 3205 l
256 3134 544 3222 liv-hminem
579 3136 712 3216 blllrlrc,
723 3034 857 3212 “Mar
