2002 3554
254 158 309 231 28
423 157 774 234 'Hrsroara
826 148 852 175 “”

262 317 371 393 mulus
395 319 601 419 quaefiverat
617 371 637 412 ,›
662 322 776 420 egenis
796 319 839 394 de
860 319 958 418 plebe

261 418 390 490 viritim
418 417 519 492 divisa
535 434 567 500 2'
584 443 711 518 gnavos
740 421 893 519 praemiis
922 422 959 494 &

261 514 447 589 honoribus
460 516 501 589 ad
524 516 650 588 labores
664 519 846 608 excitavit,
877 541 958 593 cum

261 614 383 688 inertes
391 615 574 711 ignominia
591 637 630 684 ac
646 616 958 715 poeniteastigaret.

261 717 469 801 pomarum,
497 709 563 805 fiv'e
581 708 685 783 Urbis
708 711 887 785 ambitum·
910 741 960 810 re·

260 809 361 897 tuliffe
372 833 389 879 a
400 800 594 905 quibusdam
610 807 758 890 diciturb
772 811 859 882 colle
867 734 958 905 (zri-

260 904 356 976 rinali
371 907 417 976 illi
430 903 579 1001 adieetot
605 903 658 977 sed
671 907 780 978 verius
796 906 861 996 est,
879 931 958 981 eum
992 914 995 919 ’

260 1000 354 1074 hunc
370 1002 490 1076 collem
511 1003 682 1075 munivisse
695 1018 849 1094 tantum
876 1027 959 1078 cum

260 1104 465 1200 capirepraac.
487 1104 557 1200 jam
576 1101 774 1192 viderimus,
800 1102 961 1198 cumpost

260 1196 401 1273 Sabinos
429 1202 464 1272 in
487 1201 657 1273 civitatem
687 1218 841 1296 receptos
872 1199 961 1273 Urbi

260 1296 356 1369 suiffe
380 1297 561 1369 additum:
596 1319 658 1367 nec
680 1297 738 1368 ulli
765 1296 877 1395 postea
895 1295 961 1395 pe·

260 1396 427 1466 moerium
463 1391 612 1490 proferre
638 1395 762 1479 licuit,
808 1391 868 1468 arist
900 1400 960 1496 qui

261 1491 362 1561 etiam
380 1491 462 1562 fines
486 1490 622 1585 imperii
639 1490 840 1587 protuliffet,
867 1497 959 1594 quod

247 1606 333 1658 ‘non
349 1587 471 1660 fecerat
489 1584 618 1660 Numa.
731 1640 734 1645 -

107 1683 134 1749 ἕ.
147 1701 175 1761 3·
204 1693 253 1744 ta·
311 1697 342 1770 ς.
357 1684 420 1756 111.
445 1683 555 1782 Leges
571 1684 720 1758 derebus
734 1685 828 1760 sacris
852 1692 958 1788 pluri·

102 1779 253 1896 fflm‘i'gff
262 1803 331 1854 mas
355 1782 459 1873 tulit,
493 1804 622 1879 praeter
644 1807 682 1854 ea
706 1784 856 1858 instituta
878 1813 963 1886 quae

105 1930 172 1974 Μ,
221 1858 250 1903 ⁸·
260 1881 330 1976 jam
348 1881 544 1952 retulimus:
570 1878 621 1951 sed
640 1905 718 1976 quas
735 1882 791 1953 hic
811 1889 961 1979 recense·

262 2001 298 2050 re
312 2001 431 2075 operae
448 1979 591 2072 pretium
613 2002 682 2049 non
706 1976 818 2051 fuerit.
868 1983 962 2056 Addi

244 2079 373 2174 ³p0tius
389 2077 522 2172 poffunt
539 2076 670 2147 civiles:
696 2096 734 2149 ut
749 2077 837 2173 quod
856 2080 960 2179 depa-

261 2174 374 2247 Horum
395 2175 459 2260 iure
480 2172 702 2260 constituite,
737 2198 772 2243 ut
791 2182 960 2248 cantemus

261 2273 404 2345 dubii&
416 2275 483 2367 fine
505 2270 619 2363 restibus
637 2271 716 2364 falli
734 2274 802 2367 fia'e
818 2297 855 2342 ac
865 2279 958 2370 jura·

249 2367 386 2461 jurando
402 2376 647 2440 terminarentur.
699 2370 755 2440 De
772 2370 874 2465 patria
894 2396 959 2468 po·

260 2466 399 2555 testate,
426 2469 480 2550 Ur,
504 2467 626 2561 fipater
637 2468 708 2558 filio
724 2470 960 2558 concefferitdu-

259 2583 329 2633 cere
343 2589 470 2635 uxorem
479 2561 618 2654 futuram
633 2564 774 2632 bonerum
793 2591 832 2634 ac
845 2570 958 2656 fiacro·

243 2683 329 2728 rum
332 2666 429 2758 juxta
446 2665 523 2755 leges
534 2667 736 2758 participem,
756 2669 845 2755 patri
856 2664 959 2764 pastea

260 2760 379 2824 nullum
398 2761 449 2847 jus
464 2757 615 2826 vendendi
620 2760 724 2847 filium
739 2758 804 2848 effer
819 2757 836 2816 d
851 2784 864 2829 .·
897 2786 963 2860 qua

260 2853 336 2950 lege
363 2853 578 2928 acerbitatem
600 2855 682 2954 legis
707 2855 849 2930 Romuli
884 2883 963 2932 cor-

790 3034 795 3040 ,
845 2957 963 3048 rexit,

260 3063 278 3106 ²
296 3090 376 3146 Dion.
389 3092 452 3152 Hal.
470 3089 507 3154 lb.
524 3110 546 3148 a.
559 3091 604 3151 62.
644 3092 662 3152 b
680 3090 743 3155 rbr'd.
780 3093 963 3155 cDion.Hal.

302 3171 658 3240 11·c.15.za'v.1·r.2r.
693 3168 963 3252 deluatproad.
