2002 3554
247 137 322 242 506
467 131 795 209 annom

245 296 410 374 Antiochi
430 295 516 370 lilius
530 312 631 394 caput
648 315 838 392 arcemque
855 297 953 395 regni

243 401 316 491 ejus
345 398 546 494 Pergamum
571 414 772 488 oppugnare
808 391 952 486 statuit,

245 495 283 568 ὃ(
299 493 389 566 haud
411 493 564 590 procula
584 489 718 567 Seleuci
726 489 846 565 castris
853 495 952 586 etiam

246 592 313 691 ipse
335 591 525 664 Antiochus
542 587 657 660 stativa
673 586 846 677 collocat.
902 590 950 665 Eo

248 691 373 763 nuncio
397 707 537 784 accepto
556 686 761 782 Pergamum
782 686 949 762 Eumenes

248 784 444 861 contendit:
479 784 515 857 ὅ(
533 786 707 868 Romana,
733 782 949 881 Rhodiaque

246 881 366 964 claflis,
390 906 428 956 nt
448 883 539 982 Regi
555 906 655 978 opem
666 879 793 966 ferret,
820 886 946 953 Elaean

248 978 389 1057 acceffit.
440 980 491 1053 lta
521 979 711 1053 Antiochus
737 981 884 1065 veritus.
908 1003 946 1052 ne

249 1102 329 1153 mox
345 1080 448 1151 etiam
467 1075 611 1152 Consule
627 1100 706 1151 cum
720 1079 880 1150 exercitu
893 1076 946 1148 ad·

249 1196 407 1249 ventante
429 1176 575 1270 undique
599 1168 839 1270 premeietur,'
858 1173 947 1247 millo

247 1273 288 1348 ad
305 1272 489 1359 Aemilium
506 1271 682 1370 Regillum
691 1272 889 1346 Praetorem
898 1296 945 1345 ca·

247 1371 450 1453 ducentore‚
475 1372 515 1440 de
527 1392 604 1470 pace
616 1371 852 1467 [eugen-evelle,
871 1394 945 1466 pro·

247 1468 345 1544 fellus
366 1468 433 1542 est:
459 1468 511 1540 sed
524 1469 569 1541 de
587 1468 749 1540 Eumenis
765 1466 945 1555 sententia,

248 1591 351 1666 quem
382 1567 549 1664 Pergamo
567 1567 734 1638 acciverat
750 1566 944 1650 Romanus,

248 1661 454 1761 responsu-nr.
469 1662 543 1754 est,
579 1686 648 1733 ante
665 1664 803 1757 Consedit
823 1665 944 1733 adven·

247 1784 312 1830 anm
327 1761 366 1828 de
376 1783 448 1856 pace
465 1769 517 1857 agi
533 1787 595 1830 non
607 1761 681 1860 poffe
707 1779 735 1834 ².
763 1760 811 1831 At
826 1758 943 1832 Seleu-

249 1881 328 1931 cum
355 1881 397 1928 ex
423 1881 504 1954 agro
523 1865 708 1954 Pergameno
733 1878 866 1949 movere
887 1880 944 1928 ca-

247 1954 311 2029 stra
342 1954 457 2051 coegit
487 1955 650 2049 intrepida
672 1955 861 2049 praesertim
896 1956 945 2025 A·

247 2054 429 2129 chaeorum
442 2052 609 2127 fortitudo
619 2055 713 2149 etqui
723 2052 849 2125 auxilio
864 2050 942 2124 milli

246 2153 413 2225 Romanis
439 2174 502 2222 una
518 2151 555 2223 &
570 2151 670 2223 altera
685 2153 864 2246 eruptione
882 2171 941 2221 tre·

249 2250 344 2345 pidos
361 2247 469 2321 hostes
490 2251 525 2322 in
544 2247 645 2321 castra
660 2247 894 2343 compulerant
915 2246 942 2315 b.

250 2347 436 2420 Phocaeam
455 2349 556 2420 etiam
575 2344 677 2418 claffis
695 2346 849 2418 Romana
868 2368 940 2416 cum

249 2442 402 2515 Eumene
417 2444 622 2539 Rhodiisque
636 2445 870 2540 oppugnavit:
894 2438 942 2512 led

247 2561 327 2611 cum
345 2540 474 2610 millum
489 2543 530 2613 ab
552 2541 727 2613 Antiocho
746 2539 939 2637 proclidium

247 2635 367 2707 urbem
395 2637 562 2724 intrasset,
589 2637 799 2710 destiterunt.
827 2640 943 2729 Atna·

248 2733 311 2808 vuli
337 2733 463 2830 prae-lio
489 2737 651 2809 feliciores
675 2735 817 2809 fuerunt
842 2736 944 2808 Rho·

881 2832 948 2918 dii,

284 3008 300 3048 a
320 2992 405 3066 Polyb.
424 3013 476 3052 cxc.
494 2993 540 3069 lag.
552 3011 635 3056 mr.
652 3009 678 3070 p.
692 2996 773 3054 1126.
810 2991 947 3049 brian

239 3077 381 3143 ,zwll
400 3090 423 3130 c·
434 3087 480 3133 ιο.
495 3072 541 3149 lq.
572 3069 685 3148 Appiana.
704 3071 786 3131 Alex.
804 3071 902 3147 aynae.
922 3090 952 3127 n.

56 3120 218 3312 η.
