2002 3554
187 154 264 232 4¹4
411 125 731 201 Haut-onan

182 292 384 388 „ultimam
422 284 636 362 solitudinem
669 293 894 385 perveniant,¹

184 445 213 486 „
232 388 399 463 deltdtum
416 385 478 459 elle
493 384 700 482 negandum.
730 387 795 463 De
812 415 894 491 paee

185 543 213 586 ‚‚
237 486 392 588 paulello
424 487 632 583 cogitaturos
664 483 732 557 else
757 487 892 565 Roma·

183 634 212 680 „
237 612 317 673 noe,
343 585 368 657 st
387 584 630 656 consentientes
643 581 682 654 in
698 582 771 659 hoc
788 587 891 663 societ

186 738 213 777 „
236 685 393 758 videtint.
416 684 436 712 ''
485 681 535 753 lta
559 677 748 755 duodecim
771 708 819 759 ex
833 687 888 759 tti-

184 788 280 883 ginta
309 781 450 854 coloniis
476 777 600 877 Populi
614 777 771 853 Romani
791 805 888 882 nega·

185 900 338 968 verunt,
372 884 427 969 effe
443 877 523 947 anae
539 879 653 947 milites
665 888 884 980 pecuniaque

184 983 306 1052 danna
331 977 512 1072 Reliquiae
524 972 763 1071 duodeviginti
774 1030 787 1066 ‚
804 980 885 1074 aaut·

185 1080 263 1174 qaid
284 1084 510 1177 imperaretur,
532 1079 625 1144 aaziae
636 1076 800 1164 fatuum,
823 1076 883 1149 lar·

184 1171 774 1272 giterpromiserunt,iilque[olemui
786 1175 885 1247 maxi·

185 1296 242 1345 me
258 1271 362 1345 modo
384 1271 421 1344 δι
436 1271 472 1341 in
491 1271 635 1360 Senatu,
658 1267 697 1340 dc
715 1269 808 1369 apud
818 1272 883 1345 Po·

184 1371 304 1466 pulum
325 1371 451 1468 gratiae
475 1365 586 1441 aaut
612 1368 818 1465 telifuatum
836 1369 882 1440 ul·

184 1469 248 1541 lam
274 1468 502 1554 mentionem,
536 1466 583 1538 ita
599 1486 719 1563 utute
734 1464 883 1539 dimitte·

183 1587 317 1654 rentur,
343 1589 407 1636 nec
423 1567 666 1652 retinerentur,
688 1561 884 1637 fietiPatttt

184 1683 377 1736 vetuerunt.
405 1661 458 1735 Ea
475 1663 575 1734 tacita
587 1661 765 1757 castigatio
774 1661 883 1734 maxi·

184 1785 240 1832 me
268 1783 312 1829 ex
327 1759 495 1855 dignitate
509 1759 630 1857 Populi
649 1761 802 1832 Romani
818 1756 881 1833 viu

184 1856 240 1928 est.
276 1855 478 1929 Consulibus
495 1856 883 1945 aurumvicefimarium,

183 1974 327 2051 quatuor
350 1954 455 2026 millia
478 1955 593 2051 pondo
620 1957 710 2042 auti,
738 1953 832 2051 quod
846 1955 880 2025 iu

180 2052 342 2129 laudiime
363 2053 489 2124 aerario
518 2053 557 2125 ad
573 2052 710 2125 ultimos
728 2051 804 2126 ulus
816 2050 882 2124 ser·

180 2154 337 2241 vahan,
362 2170 557 2246 promptum
576 2149 634 2223 est.
660 2151 750 2223 Inde
763 2149 882 2222 adbel·

179 2256 250 2328 lum
267 2249 434 2345 profedlus
449 2249 568 2321 Fabius
582 2256 706 2345 (quem
717 2251 880 2346 Sempro·

180 2357 255 2424 nius
264 2349 393 2420 Censor
409 2350 478 2445 ejus
487 2348 562 2418 anni
573 2345 676 2417 modo
685 2347 876 2443 Ptincipem

180 2451 319 2521 Senatus
332 2447 469 2542 legerat,
486 2449 538 2514 vel
546 2442 726 2514 Hannibale
732 2444 838 2544 jndice
839 2447 876 2534 sa

181 2547 238 2615 boc
247 2545 403 2633 fallarum
419 2542 598 2638 professus)
613 2541 728 2614 scribit
736 2539 777 2615 ad
784 2538 877 2613 Mar·

180 2641 327 2724 cellum,
361 2643 514 2714 detineret
536 2639 771 2730 Hannibalem,
805 2640 881 2711 dm

181 2745 245 2839 ipse
258 2736 425 2808 Tarentum
440 2763 643 2842 oppugnaret;
668 2765 731 2837 qua
746 2736 878 2808 arleba-

172 2843 217 2931 sta'
231 2839 391 2938 adempta,
417 2838 704 2930 munitium,
726 2838 781 2910 nbi
791 2842 827 2906 in
840 2839 876 2903 I·

180 2941 258 3009 talia
273 2935 434 3029 canstsseret
459 2955 486 3014 ².
535 2936 580 3011 lis
595 2937 699 3014 literis
713 2934 877 3107 millius

827 3055 878 3107 al·

205 3169 223 3218 a
241 3154 306 3223 Liu.
327 3155 395 3243 llil.
413 3167 501 3238 aaut

9 3236 112 3322 N
