2002 3554
133 148 648 237 RnrnuB.-Ronasa..Lrn.ll.
687 170 761 252 419
811 224 818 235 ,

60 312 132 395 lum
162 346 241 392 cunr
273 315 480 401 Hannibale!
496 314 640 414 profesli
662 314 760 392 suntt

61 418 183 516 quibus
198 414 280 490 curn
293 415 354 488 sese
371 415 459 490 haud
478 439 590 512 parem
611 413 761 493 futurum

62 516 214 588 crederet
240 512 412 586 Hannibal
431 513 470 586 ad
488 513 556 586 suas
576 532 659 585 artes
676 538 762 587 con·

62 613 171 687 versus
196 610 318 683 insidiis
343 613 455 685 locum
475 610 664 703 quaerebat.
715 612 763 685 Et

61 712 174 808 primo
190 709 324 808 quidem
345 731 471 805 partem
481 709 660 781 Tarentini
670 732 765 805 prae·

63 807 137 880 fidii
156 829 171 871 a
191 858 203 899 ,
228 831 312 904 quae
329 814 443 878 Locros
455 805 763 905 oppugnatumdu·

63 905 221 996 cebatur,
246 908 280 976 in
300 905 418 977 itinere
436 907 549 978 locatis
565 903 693 977 insrdiis
709 905 763 977 in·

31 1052 39 1081 2
64 1004 211 1098 tercipit.
261 1002 344 1074 Inde
368 1004 535 1076 tumulum
547 1002 769 1102 'sylvestrem

21 1162 28 1169 .
63 1103 121 1195 qui
149 1104 235 1172 inter
260 1099 314 1172 sua
340 1099 375 1171 &
403 1099 707 1173 Consulum-castra
726 1125 762 1172 e·

63 1216 130 1283 tat,
162 1198 246 1270 clam
271 1196 373 1269 mstu
397 1192 553 1294 occupat.
601 1197 763 1271 Consules

11 1312 15 1319 '
61 1315 144 1367 vero
168 1299 238 1390 ejus
273 1297 319 1367 rei
347 1296 453 1393 ignari
493 1318 572 1366 cum
594 1295 764 1391 equitibus

30 1430 35 1441 ·
64 1390 153 1465 haud
179 1393 315 1491 amplius
336 1392 486 1465 ducentis
509 1391 545 1462 &
575 1393 699 1488 viginti
721 1391 762 1464 ad

62 1490 207 1562 eundem
225 1491 347 1563 collem
365 1498 380 1579 (
390 1514 464 1562 nam
475 1488 694 1562 castelloeum
703 1487 763 1562 fir·

25 1636 30 1645 ·
64 1588 222 1660 mnndum
239 1590 303 1661 else
322 1587 764 1684 pleriquecensuerant)ex·

23 1728 27 1735 ·
64 1688 232 1784 ploratum
253 1685 530 1784 proficiscuntur:
557 1709 706 1782 cumque
724 1686 763 1758 in
855 1718 857 1723 ·

63 1785 193 1858 infidias
219 1784 450 1872 devenissent,
483 1784 664 1856 Marcellus
687 1785 764 1881 qui·

63 1881 140 1953 dem
156 1906 234 1954 curn
248 1883 409 1980 plerisque
429 1881 561 1953 suorum
578 1879 686 1953 caesus
699 1881 763 1972 est;

18 2029 24 2041 .
55 1979 238 2072 Crispinus
269 2004 351 2050 vero
374 1977 503 2050 duobus
541 1979 654 2071 jaculis
678 1976 764 2052 isius

64 2073 216 2170 aufugit3
250 2073 285 2144 &
303 2097 425 2170 paucos
443 2073 518 2169 post
534 2074 603 2144 dies
624 2097 670 2147 ex
685 2075 762 2147 vul·
803 2072 805 2079 ’

63 2195 143 2244 nere
159 2189 310 2242 mortuus
324 2169 372 2241 est
394 2169 421 2238 b.
473 2168 642 2241 Hannibal
651 2189 765 2246 autern

66 2267 224 2343 Marcelli
253 2268 378 2340 annulo
404 2264 502 2340 srmul
527 2291 605 2339 cum
621 2291 765 2363 corpore

65 2369 213 2464 potitus,
238 2366 344 2439 suerat
364 2382 405 2437 ca
431 2388 539 2462 eoque
548 2366 657 2439 literas
673 2367 765 2439 Mar·

66 2465 142 2537 celli
165 2465 303 2537 nomine
333 2464 538 2564 cornposrtas
568 2463 766 2561 obsignave-

66 2583 139 2635 rat:
167 2562 286 2661 quibus
301 2567 490 2665 Salapitanis
509 2562 705 2650 mandabat,
731 2561 764 2637 se

38 2660 168 2761 &noste
195 2662 347 2758 proxima
381 2663 542 2759 Salapiam
574 2675 769 2736 venturum:

67 2759 118 2830 At
143 2761 227 2854 jam·
239 2757 412 2856 Crispinus
429 2761 598 2855 proximas
614 2759 768 2831 civitates

68 2878 263 2948 monuerat,
288 2880 331 2928 ne
357 2855 476 2951 quibus
490 2856 592 2929 literis
609 2852 768 2928 Marcelli

265 3018 277 3051 ἱ

107 3111 123 3151 a
143 3097 205 3155 nra
231 3118 252 3158 ι.
262 3097 308 3156 26.
366 3095 383 3153 b
404 3095 472 3156 nra.
491 3113 511 3152 ι.
525 3104 572 3173 33·
592 3092 666 3157 arna.
684 3064 774 3154 narei

69 3181 157 3252 p.m.3
169 3190 213 3250 ις.
251 3174 346 3239 ch'v.
364 3171 420 3238 all.
439 3170 516 3254 ΜΒ..

366 2953 434 3028 Dd
461 2977 481 3023 2
655 2951 768 3023 nomi·
869 2978 872 2989 ¹
