2002 3554
236 149 313 245 '144
444 139 489 218 H
503 168 515 214 ι
531 166 549 220 s
563 168 590 218 u
604 166 631 216 o
649 147 679 219 i
696 145 758 220 η’

243 306 325 381 buni
339 301 682 402 plebiscrimimndo,
706 302 798 404 quali
806 301 850 376 ad
862 296 946 378 veis

242 404 360 476 urdam
375 402 509 498 plebem
515 405 616 478 unice
631 405 866 477 hocfacerent.
877 400 945 476 Sed

242 508 368 599 Appius
390 502 537 571 Claudius
558 502 736 574 Tribunus
751 502 899 574 militum
923 523 945 572 u

241 600 383 696 collegis
397 596 438 668 ad
452 598 687 693 opprimendas
700 599 877 672 seditiones
883 593 945 670 tri·

243 698 394 770 bunicias
410 694 445 764 in
454 695 551 764 Urbe
563 695 696 767 rebilus
710 701 804 794 gravi
819 695 858 766 &
867 718 945 792 pro·

244 795 314 866 lixa
337 792 489 864 oratione
503 791 668 864 Tribunis
687 793 793 890 plebis
810 794 947 889 respon·

243 892 323 981 dit,
361 887 562 986 plebemque
582 889 619 962 in
642 888 710 962 suas
732 908 842 988 partes
868 912 949 985 per·

245 988 349 1061 traxit
366 1002 402 1058 ².
444 982 622 1083 ¹Cumque
644 987 764 1060 eodem
794 1008 948 1082 ternpore

248 1083 356 1157 clades
377 1081 418 1155 ad
437 1079 546 1179 Veios
558 1081 720 1158 melurna
741 1085 890 1156 hostium
911 1106 950 1156 e·

188 1175 191 1180 ’
248 1184 407 1278 ruptione
427 1201 565 1278 accepta
581 1185 815 1272 nunciaretur,
840 1180 879 1253 &
896 1181 950 1252 in·
971 1254 976 1267 ,

250 1302 334 1376 gens
354 1277 433 1348 inde
446 1278 602 1352 omnibus
618 1277 881 1352 moestitiiesset
893 1279 952 1349 in·

245 1374 353 1474 jebia,
378 1395 518 1468 repente
533 1375 651 1468 quibus
670 1375 783 1448 census
797 1373 949 1470 equester
978 1433 981 1438 .

247 1490 337 1554 erat,
362 1470 440 1563 equi
463 1470 590 1567 publici
605 1494 781 1546 nonerunt
796 1472 951 1570 adfigna·

247 1570 295 1654 ti,
321 1567 486 1651 Senatui,
517 1574 600 1662 equis
608 1571 644 1663 se
658 1570 885 1670 suisstipendr'a
894 1573 951 1665 fa·

221 1681 226 1706 ¹
248 1668 345 1730 liures
372 1661 593 1754 promiserunt
618 1666 654 1741 b.
715 1667 771 1738 Eo
791 1667 952 1762 exemplu

248 1774 402 1854 permota¹
410 1780 546 1852 quoque
556 1758 648 1856 plebs
661 1785 782 1861 operam
794 1764 954 1865 Reipubli-

248 1880 304 1920 cae
330 1877 420 1923 exrra
441 1857 581 1928 ordinem
606 1862 813 1952 pollicetur:
845 1864 958 1952 &,fi

249 1954 286 2020 V
280 1951 340 2044 ejus
364 1952 498 2021 ducatur
514 2005 534 2052 ,Ι
561 1960 742 2053 priusquam
760 1981 850 2057 capta
878 1961 956 2031 urbe

250 2048 322 2114 iude
336 2051 507 2120 redituram
520 2059 598 2143 effe,
616 2077 725 2154 negat.
753 2057 804 2128 Ita
822 2058 963 2138 summu¹

251 2162 385 2236 patrum
412 2147 537 2245 gaudio
567 2172 676 2247 grates
714 2153 802 2252 plebi
830 2154 953 2228 astae:

248 2237 410 2334 stipendia
434 2245 628 2321 voluntariis
656 2253 758 2322 etiam
798 2252 956 2348 peditum

247 2334 391 2411 decreta.
449 2347 580 2433 Equites
610 2345 745 2439 quidem
783 2366 858 2421 tum
885 2356 956 2448 pri·

247 2456 332 2500 mum
343 2443 426 2529 equis
441 2465 556 2508 merere
569 2464 772 2536 coeperunt:
794 2451 957 2544 atqueitn

248 2526 399 2602 alacriter
422 2557 505 2628 quae
533 2536 574 2606 ad
601 2537 709 2635 Vejo's
734 2543 848 2616 amilla
880 2544 958 2617 fue·

97 2643 322 2739 A.U.35r.s³¹¹t
346 2627 496 2702 restituta
519 2629 604 2703 sunt.·
669 2637 773 2710 Anno
797 2641 957 2736 sequente

248 2719 445 2814 praesidium
482 2727 625 2799 Anxure
658 2736 887 2834 negligentius
918 2765 957 2811 a·

246 2837 330 2912 gens
357 2843 377 2890 a
401 2819 529 2894 Volscis
553 2831 748 2919 opprellum
771 2831 849 2923 est,
890 2857 956 2906 nec

882 2953 958 3003 mea

255 3038 344 3123 ‚w
360 3066 384 3105 s
399 3065 459 3122 si·
502 3052 521 3111 b
539 3056 596 3141 ud·
615 3067 716 3124 cram.
731 3068 811 3145 φωρ
830 3067 867 3124 au
884 3056 915 3125 r.
932 3070 960 3134 1·'

245 3164 249 3171 ·
279 3118 354 3177 ‘¹⁸‘-
368 3127 831 3220 memmenni.
847 3161 913 3221 ωε
