2048 3526
182 118 342 194 Ruraure.
367 120 527 200 Romu.
552 122 638 197 Lr'n·
651 120 699 196 V.
748 123 822 205 arr.

112 275 165 367 sa,
187 277 224 350 &
248 277 398 353 adversus
425 281 552 356 bellum
571 282 743 355 Gallicum
765 306 821 356 au·

112 376 174 449 xili
205 375 341 472 petendi
370 378 521 451 Romam
546 380 671 452 veniss'e
690 379 820 455 videre·

114 491 195 560 tur,
230 473 460 547 hostaticum
487 474 622 572 quidam
650 478 746 565 sunt,
780 499 820 556 ut

112 591 211 738 guam
234 569 415 668 susceperat
433 595 496 669 pro
506 571 604 646 fratre
613 574 818 672 legationem

141 689 319 764 eponeret;
346 667 382 740 &
401 695 464 768 pro
483 669 513 742 se
532 671 733 765 loqueretur.
753 667 819 746 Sed

112 782 267 839 metuens
288 766 475 857 Eumenes,
499 767 593 864 quod
611 769 760 841 futurum
778 793 817 842 e-

113 880 193 950 rat,
226 868 380 935 Stratium
405 864 573 938 medicum
595 888 637 937 ex
658 863 819 939 fidillimis

113 960 229 1033 amicis
252 959 341 1034 misit
360 1014 371 1050 ,
409 963 466 1060 qui
483 962 574 1034 fratri
589 963 772 1060 speculator
788 966 817 1037 i-

113 1055 192 1129 dem
216 1058 253 1130 ὃ(
278 1060 427 1132 monitor
452 1059 588 1146 adesset:
614 1061 702 1156 isque
718 1085 818 1133 mon·

115 1152 248 1227 strando
271 1179 431 1253 quantum
457 1156 568 1229 damni
591 1155 652 1229 fibi
671 1158 819 1232 illaturus

114 1250 192 1322 ellet
210 1271 256 1341 ²,
289 1253 329 1322 ad
354 1279 453 1350 quern
491 1279 551 1352 per
586 1250 816 1328 infirmitatem

113 1345 223 1421 fratris
254 1347 348 1421 brevi
377 1376 522 1448 regnum
541 1349 617 1422 ellet
636 1374 816 1448 perventu·

115 1469 217 1536 rum,
242 1445 430 1542 praesertim
456 1472 535 1519 curn
557 1448 624 1520 hoe
644 1447 713 1548 ipso
730 1471 817 1537 tem·

114 1567 199 1640 pore
216 1545 332 1641 ingens
347 1570 365 1616 a
382 1545 491 1618 Gallis
508 1545 691 1641 periculum
704 1547 819 1618 immi·

118 1659 231 1726 neret,
258 1642 421 1738 pervicit,
448 1663 485 1714 ut
501 1640 741 1715 accusationem
751 1643 819 1716 fra·
857 1712 860 1718 ,

116 1739 177 1811 tris
196 1736 230 1810 &
246 1739 445 1835 petitionem
461 1736 502 1823 de
520 1738 701 1812 dividendo
711 1765 817 1840 regno

115 1838 249 1933 penitus
281 1838 466 1910 omitteret.
506 1838 620 1932 Atque
645 1840 689 1910 ita
714 1840 818 1912 Sena·

117 1951 170 2004 tus
187 1929 205 1986 b
223 1933 277 2100 spe
303 1932 497 2007 discordiam
522 1935 609 2006 inter
634 1934 749 2007 fratres
767 1935 818 2007 se·

115 2026 212 2123 rendi
255 2028 413 2105 rustratus
438 2031 503 2102 est:
538 2054 640 2126 eaque
665 2029 845 2127 indigna.

116 2128 212 2211 tione
238 2134 368 2198 Aenum
392 2124 429 2199 &
447 2136 636 2201 Maroneam
652 2126 820 2201 Thraciae

117 2223 215 2299 urbes
231 2225 349 2297 Attalo
362 2226 438 2322 jam'
454 2224 621 2321 promill'as
631 2224 746 2297 liberas
756 2225 819 2298 ell‘e
868 2250 873 2257 ·

117 2324 366 2422 pronunciavit.
394 2321 523 2396 Verum
541 2321 681 2421 iplejam
693 2320 821 2394 Eume·
863 2406 865 2411 ,

118 2443 177 2493 nes
196 2419 291 2495 rebus
299 2421 360 2493 suis
373 2421 685 2513 metuensRomam
697 2420 832 2493 adven·¹

115 2516 211 2603 ¹tabat
228 2535 274 2591 c:
301 2517 337 2591 &
369 2518 528 2592 Senatum
549 2515 726 2591 sollicitum
745 2518 821 2590 red·

113 2606 252 2713 flebat,
287 2616 460 2715 quomodo
482 2639 560 2689 eum
584 2616 758 2710 excepturi
774 2606 824 2688 es·

112 2712 208 2801 {senez
234 2712 260 2787 sr
283 2715 373 2788 enim
396 2737 474 2786 eum
496 2710 731 2799 admitterent,
757 2714 822 2785 cri·

114 2804 214 2905 mirre
237 2809 374 2885 liberare
392 2788 608 2898 videbantur,
636 2802 826 2884 saexc'lude

220 3008 224 3015 .
420 2905 498 3006 Qq
525 2929 546 2980 2
712 3002 716 3010 Ι
749 2927 825 2981 rent

107 3126 147 3181 ,ἡ
157 3028 282 3194 {pliona
300 3025 355 3125 ura
374 3018 550 3147 legrtfn93'l
587 3045 606 3108 b
626 3024 695 3111 alia
726 3020 825 3133 clbla.
