2002 3554
157 137 312 217 Rursus.
337 99 496 218 nonam
518 118 646 217 Liar.
710 140 757 240 ‘⁶5

57 301 218 377 hastenus
236 302 406 375 vitaverat.
454 306 530 400 Jam
544 327 624 379 vero
647 301 759 379 cultro

57 425 129 499 quo
145 399 177 472 se
190 398 406 471 interfecerat
423 397 601 488 Lucretia,
625 423 757 501 arrepto

58 495 244 596 praesentes
276 495 336 586 (ἃ
358 494 556 593 stupentes,
591 500 677 570 unde
696 525 758 573 no·

59 618 146 668 vum
163 594 198 667 in
216 592 310 666 Bruti
330 591 464 692 peslore
481 594 683 692 ingenium)
708 600 714 612 '
746 641 759 656 -

61 689 238 785 rejurando
253 691 288 763 in
304 689 358 779 sua
371 692 470 766 verba
485 692 616 790 adegit,
640 622 760 794 quibus

64 790 243 885 juraverat,
268 787 299 860 se
314 792 515 887 Tarquinium
533 795 673 889 Regem,‘
686 802 757 864 r'unr

62 892 145 958 omni
154 885 337 984 firnslirpe‚
355 889 466 976 ferro,
493 893 557 982 r'gm’
574 938 586 970 ‚
616 913 759 982 quacum·

61 1010 119 1083 que
135 983 245 1054 dehinc
262 985 413 1078 vrpoffie,
437 987 668 1076 exsecuturum:
683 1017 689 1029 ·
707 1011 762 1080 nes

61 1085 152 1168 illos,
178 1105 233 1148 nec
255 1082 536 1173 aliuquurnquum
557 1105 678 1179 regnare
697 1089 762 1154 Ra.

62 1202 136 1248 mar
152 1177 316 1276 prffurum,
364 1174 446 1246 lnde
474 1177 618 1248 Romam
641 1202 763 1275 prope·

61 1294 115 1349 rat
121 1305 135 1359 ;
163 1271 201 1343 δε
218 1272 385 1344 concione
396 1271 578 1363 advocata,
601 1273 691 1368 quod
707 1271 765 1346 suo

59 1375 136 1468 jure
158 1371 268 1442 facere
292 1387 450 1466 poterat,
486 1394 565 1442 cum
592 1370 767 1445 Tribunus

63 1465 223 1540 Celerum
241 1467 347 1557 esset,
378 1465 599 1565 expositisque
623 1469 765 1568 Regum

65 1562 235 1638 sceleribus
250 1563 418 1663 Populum
435 1566 600 1663 perpulit,
624 1585 664 1640 ut
684 1590 764 1668 reg·

63 1686 147 1736 num
176 1663 215 1734 iis
236 1662 424 1762 abrogaret.
483 1663 535 1736 lta
560 1665 764 1763 Tarquinius

34 1756 38 1765 '
64 1759 163 1833 Urbe
191 1759 338 1831 exclusus
366 1773 382 1817 ²
414 1783 494 1833 cum
527 1759 657 1835 duobus
686 1760 764 1835 filiis

63 1867 159 1931 Caere
180 1858 215 1929 in
232 1855 386 1931 Etruscos
403 1849 573 1932 exulatum
586 1859 671 1933 ivit!
679 1859 765 1932 Dies

64 1959 121 2030 ille
143 1955 336 2124 Rukrfugr'um
363 1950 411 2025 est
435 1953 568 2027 distust
611 1956 669 2052 qui
699 1955 765 2029 fuit

32 2097 34 2102 .
65 2075 171 2126 vsu.

65 2152 200 2233 Romae
223 2145 379 2243 aseptem
398 2145 455 2239 Re
482 2145 554 2217 ibus
569 2165 763 2244 annosz44.

65 2234 141 2347 post
154 2243 343 2335 hosicreati
366 2168 551 2330 conisus,
585 2239 768 2345 dequibus

66 2347 154 2420 libro
170 2344 337 2440 sequente.

67 2485 84 2527 a
103 2466 164 2528 riv.
180 2481 206 2527 1.
223 2484 243 2527 c.
255 2463 302 2525 60.
341 2461 358 2523 b
377 2461 457 2525 ovid.
469 2460 534 2540 Fass.
551 2470 588 2524 ΙΙ.
604 2457 727 2536 v.685.1

216 2050 321 2123 alend.
341 2051 482 2121 Marah
506 2053 700 2146 Regnatum
716 2049 765 2122 est
