2002 3554
250 128 321 210 504
469 103 766 179 His'roma

243 272 316 359 Uti,
333 267 362 360 fi
379 291 396 335 e
410 262 575 366 Republica
590 264 832 358 effevidereim
854 290 953 341 'exera

245 373 342 439 citum
378 370 413 435 in
444 365 557 458 Asiam
580 369 737 463 trajicaret
761 382 788 435 ².
843 368 952 441 Ante·

247 486 349 560 quam
368 484 449 535 vero
459 461 614 535 ulteriora
624 485 813 550 narremus,
841 465 951 539 obiter

247 557 490 633 observandum
505 557 576 651 eii,
603 558 695 632 hunc
711 559 867 635 Lucium
878 564 951 636 Sci·

245 658 384 757 pionem
406 659 567 752 majorem
588 676 667 731 natu
690 655 784 733 fuisse
802 660 949 746 Publio,

272 753 338 827 uod
363 777 404 826 ex
413 750 558 853 Polybio
575 754 747 852 colligitur
772 757 802 833 b.
854 757 947 854 Ergo

247 780 375 925 ionsul
393 874 451 949 per
471 851 648 925 Graeciam
666 855 700 924 in
711 853 949 927 Macedoniam

248 950 422 1049 pervenit3
448 945 504 1025 ubi
520 950 632 1023 omnia
647 972 841 1047 praeparata
855 956 947 1025 inve·

248 1047 321 1135 nit3
348 1045 852 1145 &regioapparatuexcipiturz
867 1069 947 1147 quae

248 1142 438 1219 humanitas
476 1144 639 1219 Africano
674 1146 855 1243 praecipue
877 1146 950 1251 pla-

250 1244 351 1333 cuit,
377 1243 451 1316 viro
482 1240 566 1332 ficut
589 1241 630 1317 ad
652 1261 764 1316 cetera
788 1244 947 1343 egregio,

250 1342 299 1415 ita
321 1337 536 1426 acomitate,
561 1362 644 1438 quae
664 1338 732 1412 fine
753 1341 884 1414 luxuria
900 1338 947 1413 es·

249 1437 318 1527 set,
343 1461 411 1511 non
430 1434 592 1510 aversae.
642 1437 694 1510 lta
708 1461 768 1534 per
782 1436 950 1511 Macedo·

250 1536 340 1609 niam
378 1534 416 1609 &
445 1534 631 1609 Thraciam
662 1533 882 1633 prosequente
915 1535 951 1608 &

249 1650 466 1732 praeparante
490 1635 603 1705 omnia
628 1631 788 1730 Phiiippo
804 1633 845 1705 ad
865 1637 951 1702 Hel·

251 1732 415 1829 lesionem
431 1748 628 1823 perventum
652 1730 711 1803 est.
760 1728 951 1802 Antiochus

251 1826 405 1912 interim,
432 1845 505 1898 tum
530 1826 754 1916 terrestribus,
784 1847 858 1900 tum
875 1852 952 1899 ma-

252 1924 373 1998 ritimis
398 1921 586 2022 praesertim
608 1923 817 2023 apparatibus
840 1927 954 1999 inten-

253 2043 306 2097 tus
321 2021 444 2097 fuerat:
472 2022 772 2123 Gallograecorum
780 2025 882 2096 etiam
892 2050 952 2098 au·

255 2121 339 2195 xiiia
359 2121 557 2193 arcefferat:
591 2121 770 2192 maritimas
800 2121 954 2195 Aeolidis

252 2217 352 2291 urbes
373 2230 443 2315 peri
459 2216 567 2289 filium
586 2222 745 2288 Seleucum
760 2241 840 2291 cum
857 2243 952 2291 exer·

252 2316 325 2389 citu
341 2313 550 2388 continebat:
576 2312 666 2411 isque
687 2314 863 2386 Phocaeam
873 2343 953 2414 pro·

252 2411 383 2485 ditione
400 2414 525 2506 recepit
548 2410 597 2497 ἃς
624 2411 778 2511 &Cyme,
803 2414 955 2511 aliaeque

252 2508 398 2603 ejusdem
423 2532 499 2580 orae
514 2506 610 2580 urbes
626 2509 666 2580 ad
684 2532 762 2581 eum
779 2532 876 2584 metu
896 2514 955 2586 de'·

249 2602 415 2677 fecerunt.
463 2605 545 2677 Nec
574 2608 732 2679 omittere
758 2607 815 2679 hic
840 2611 956 2705 poffu·

251 2724 327 2781 mus
352 2701 454 2778 claffis
481 2700 646 2791 Rhodiae,
679 2726 763 2800 quae
786 2705 958 2781 Romanis

868 2808 959 2878 mili-

286 2978 303 3020 ι
323 2963 382 3020 aiv.
407 2961 463 3020 aa
478 2979 498 3019 e.
507 2977 535 3019 2.
580 2962 598 3020 b
618 2960 673 3022 Vid.
695 2961 791 3041 polybii
802 2961 899 3048 faaegm.
920 2973 954 3025 L.

252 3035 471 3113 :maaian
490 3078 499 3093 ,
521 3037 582 3095 «dia.
608 3047 723 3102 Gronov.
761 3046 863 3112 clav,
888 3041 956 3109 liid·

54 3068 317 3295 xm,
350 3113 454 3180 Μὶν.
469 3054 638 3188 istm„
