2002 3554
86 243 97 261 ι
237 138 710 229 Pronaoonann

80 266 189 359 tuit?
225 274 324 382 Quo
351 263 448 354 facit
475 271 594 354 etiam
616 325 631 370 ‚
667 264 880 382 quodni-¹

81 384 173 467 bani
193 386 303 493 tegni
322 383 567 465 conditorem
596 410 617 460 a
643 380 878 488 quibusdam

83 488 477 596 Earyreonnainum
490 489 814 575 suissevideamus
834 510 877 591 ὴ

84 603 156 711 qui
188 603 333 685 deinde
357 602 552 717 ‘Ascanius
597 599 723 710 (sorte
762 601 879 688 fratte

58 713 126 811 ,in
155 711 314 795 Troade
346 709 525 819 mortuo)
558 711 773 820 appellatus
795 712 880 798 fue·

85 823 148 906 rit.
205 826 398 931 Quartum
422 825 512 908 Viri
536 823 746 904 dostissrmi
768 849 883 932 argu·

86 951 261 1015 mentum
279 933 358 1029 est,
387 934 553 1019 Veneris
576 932 726 1012 cultum
757 935 877 1040 (qui,

86 1070 177 1125 cum
199 1045 344 1128 Aeneas
363 1073 408 1126 ea
427 1065 547 1126 matre
566 1043 800 1138 censeretur,
818 1043 882 1124 vel

86 1153 281 1263 imprimis
307 1161 459 1238 Romae
495 1151 739 1235 stabiliendus
772 1150 884 1236 fuisse

86 1265 280 1367 videatur)
294 1263 566 1375 antiqommis
588 1264 891 1346 Romanisfuis-

86 1374 126 1459 se
147 1376 363 1488 ignotum,
392 1397 437 1455 ut
463 1402 514 1453 ex
545 1372 672 1477 Fastis
694 1374 816 1457 Cincii
842 1381 883 1456 &

88 1486 264 1569 Varrone
288 1488 407 1568 docet
438 1481 654 1566 Macrobaus
684 1484 881 1567 saturnal.

89 1593 212 1680 Sem.
240 1622 273 1673 1.
298 1622 362 1676 12.
418 1597 472 1674 At
490 1615 533 1675 ut
553 1594 815 1689 concedamus
834 1595 883 1677 de

43 1759 46 1765 ι
88 1703 284 1787 Romanis
294 1729 392 1787 ·vete
411 1703 506 1789 haec
525 1705 647 1796 tradi,
681 1725 784 1786 cette
809 1708 884 1786 La.

23 1839 29 1847 “
89 1811 210 1905 Vinii,
242 1813 319 1898 five
346 1818 386 1897 in
414 1843 508 1923 agro
540 1816 757 1911 Laurente,
786 1842 888 1925 quae

90 1923 239 2032 primae
266 1922 371 2008 sedes
398 1927 549 2008 Aeneae
580 1929 618 2005 in
657 1928 767 2008 ltalia
801 1929 886 2029 sue-

90 2055 203 2128 runt,
236 2036 380 2119 cultam
411 2035 520 2120 fuisse
550 2036 598 2118 ab
621 2036 888 2142 antiquissimis

91 2144 215 2255 usque
234 2147 477 2256 temporibus
496 2144 643 2230 constat
664 2145 888 2227 testimonio

93 2256 291 2340 Heminae
315 2258 427 2367 quod
446 2258 575 2340 refert
603 2256 756 2340 'Solinus
781 2286 812 2341 c.
848 2262 886 2340 8.

92 2373 135 2452 &
160 2368 198 2452 ei
216 2366 392 2450 assentire
401 2367 488 2449 satis
506 2368 606 2451 clare
616 2368 771 2449 videtur
783 2369 887 2450 Stra·

93 2477 148 2558 bo
164 2498 200 2587 p.
223 2506 312 2587 232.
325 2476 418 2560 edit:
435 2476 590 2586 Casaub.
620 2478 696 2558 Sed
714 2477 800 2560 sane
822 2505 888 2559 ve·

93 2583 250 2670 risrmise
272 2614 347 2667 non
369 2586 525 2690 est‚(ut
545 2588 795 2670 admittamus
808 2588 888 2667 Bo-

93 2696 218 2779 charri
248 2696 516 2809 positionem)
548 2705 748 2790 Aeneam,
792 2697 889 2780 dum

92 2809 276 2903 viveret,
313 2808 411 2890 adeo
440 2811 647 2891 insolenter
680 2809 889 2889 mentitum

92 2913 227 3023 fuisso,
256 2936 301 2998 ut
324 2918 362 2999 se
390 2941 510 3036 matre
541 2920 623 3002 Dea
653 2923 783 3001 natum
812 2917 892 2999 effe

6 3162 151 3343 k·
167 3155 260 3225 Dion·
279 3154 380 3233 Halia.
400 3156 427 3222 l.
448 3180 474 3224 r.
494 3157 545 3241 65.
626 3212 631 3222 .
811 3026 871 3217 *di
