2002 3554
177 167 243 242 ’ἀί
390 159 694 238 Hne'ronuu'

191 322 289 399 rebus
310 321 556 397 conducibilius
569 337 725 421 peutaret3
758 337 799 396 ut
821 318 892 396 hoc

192 423 264 494 e'us
277 421 455 495 confilium
471 425 536 518 jam
547 418 793 517 explicavimus.
818 421 894 495 Eu·

191 446 337 620 demque
352 520 454 593 modo
471 541 556 591 mox
572 518 644 591 usus
659 516 707 590 est
724 518 893 615 Crustumi-

191 625 265 705 nis,
288 641 368 693 cum
382 620 482 690 etiam
496 638 614 688 eorum
630 616 747 689 urbem
767 618 804 691 in

192 715 346 789 testatem
376 713 564 812 redegiffet.
638 713 705 786 His
735 716 896 814 gentius

192 813 393 887 Plutarchus
412 831 429 872 ²
461 811 570 889 ,etiam
591 807 684 884 addit
708 815 895 907 Fidenates,

192 934 278 1008 quos
300 913 401 984 etiam
423 935 443 985 a
462 908 612 983 Romulo
630 907 738 984 vidos
759 909 797 982 &
810 909 891 983 Ro·

194 1031 283 1083 mam
305 1009 476 1082 transsatos
497 1025 618 1086 narrat.
667 1008 717 1080 At
740 1007 892 1109 graviffi-

190 1128 287 1180 mum
314 1105 467 1181 Romulo
497 1103 621 1179 bellum
650 1127 731 1178 cum
763 1104 895 1180 Sabinis

192 1202 269 1279 fuit.
320 1206 415 1280 Nam
439 1204 507 1277 hin
525 1204 635 1277 subito
655 1203 890 1278 Romanorum

190 1303 403 1378 incremento
424 1300 485 1374 fibi
506 1320 693 1374 metuentes
712 1302 890 1401 ingentem

189 1399 270 1474 belli
294 1401 419 1473 molem
451 1400 552 1469 cient.
608 1397 777 1472 Romulus
805 1423 889 1473 vero

189 1499 284 1571 omni
300 1495 404 1568 modo
415 1491 644 1568 defensionem
660 1516 753 1592 parnt
766 1508 808 1585 b5
831 1500 890 1571 cui

188 1595 289 1666 etiam
305 1616 349 1665 ex
363 1591 496 1665 Etruria
511 1594 598 1666 duce
621 1600 798 1666 Lucumone
814 1651 827 1686 ,
851 1596 890 1669 dc

103 1702 106 1707 “
189 1688 279 1763 Alba
296 1689 338 1763 ab
360 1715 424 1763 avo
452 1690 543 1764 miffa
564 1691 685 1765 auxilia
705 1714 887 1768 venerant:

28 1802 31 1809 '
163 1840 167 1847 ·
189 1785 228 1860 &
241 1810 324 1886 pace
338 1787 458 1861 frustra
473 1809 601 1863 tentata
616 1789 718 1862 castra
732 1790 887 1864 auteUr·

188 1883 268 1958 bem
283 1885 428 1961 collocat
444 1889 598 1961 exercitu
613 1889 889 1985 vigintimillium

187 1981 360 2080 peditum,
375 1980 468 2056 odtin
493 2005 649 2057 entorutn
664 1987 818 2083 equitum
834 1988 888 2060 in·

182 2080 353 2173 indue,
371 2081 414 2155 ·fi
440 2007 524 2154 fides
542 2080 709 2181 Dionyfi'o
732 2082 890 2158 Halicar-

189 2179 324 2255 naffenfi
342 2230 356 2272 ,
386 2180 443 2278 qui
463 2179 663 2254 Sabinorum
681 2181 794 2280 copias
809 2182 890 2256 Ro·

182 2281 295 2350 ¹mauis
316 2281 417 2352 etiam
440 2281 583 2375 majores
606 2277 718 2350 facit:
749 2275 803 2349 sed
829 2278 888 2353 hic

150 2379 153 2391 '
182 2395 281 2447 error
294 2375 408 2447 multis
430 2373 597 2447 historicis
621 2374 669 2445 est
695 2376 890 2469 familiariS,

188 2489 228 2542 ut
244 2470 287 2543 de
304 2468 428 2566 pitriae
447 2471 580 2544 nostrae
597 2470 779 2546 Historicis
803 2477 890 2549 anti·

184 2565 358 2661 quioribus
372 2567 543 2658 observat,
576 2571 633 2665 qui
649 2570 780 2667 optime
792 2570 837 2643 de
850 2596 889 2647 eu

183 2684 225 2733 ue
241 2662 386 2755 judicare
402 2665 547 2764 putuit,
582 2674 696 2737 Petrus
718 2674 891 2741 Scriverius

59 2810 63 2819 .
182 2748 442 2853 observationibus
455 2759 500 2859 ed
513 2785 604 2834 uetus
619 2765 792 2838 chronicon
800 2774 888 2842 Gai·

110 2952 114 2959 ¹
182 2858 322 2954 danum,
354 2855 494 2935 &alibi
544 2861 631 2934 Tatio
645 2883 757 2937 autem
783 2861 889 2955 (Rex

184 3028 191 3043 ,
224 3042 229 3049 ,
463 3028 469 3037 ,
828 2964 890 3037 hic

181 3146 187 3155 .
221 3086 563 3173 eneam-maz.
617 3096 733 3163 bDie'u.
759 3098 824 3162 ud
844 3117 891 3163 ιι.

6 3178 136 3344 ι
259 3184 349 3249 ⁶³⁷·
