2002 3554
10 96 12 101 Ι
116 78 631 218 Rniuun.Rouau.L1n‚II.
682 143 756 243 399

54 328 172 379 manus
198 303 333 376 fortiter
348 303 537 398 provincias
553 326 604 375 eas
618 308 754 382 conset·

36 404 180 488 'vavit3
216 400 429 496 colledlilque
460 423 499 471 ex
530 398 612 494 fuga
635 409 752 480 militi.

46 501 146 585 bus,
181 497 375 595 quibusdam
397 497 440 568 de
464 495 631 594 praesidiis
646 503 753 577 dedu·

56 594 135 682 ἃίε,
170 598 206 669 &
226 594 351 693 jundlis
373 596 478 692 copiis
506 614 604 666 antea
622 597 754 692 divilit,

56 694 144 767 haud
170 693 453 766 contemnendum
489 694 676 767 exercitum
704 702 754 768 le·

56 796 123 864 cit:
150 790 373 889 suffragiisque
405 790 602 863 militaribus
629 791 755 866 summa

57 892 191 987 imperi-i
209 890 247 961 ad
264 913 347 961 eum·
356 888 462 961 delata
481 888 559 964 fuit.
611 890 660 962 Et
679 912 756 963 tanb

56 1008 130 1061 tum
145 990 336 1060 animorum
353 988 421 1058 hoc
439 985 600 1058 militibus
614 987 756 1078 addidit,

56 1107 180 1157 utnon
197 1105 327 1157 tantum
345 1083 586 1157 Hasdrubalem
604 1086 757 1183 reliquias

56 1186 223 1255 exercitus
263 1184 461 1278 Scipionum
502 1182 755 1276 aggredientem

57 1283 257 1378 repulerint3
282 1279 336 1352 sed
357 1283 396 1352 ut
410 1281 512 1353 etiam
521 1278 600 1350 bina
608 1278 756 1353 bostium

58 1378 162 1452 castra
192 1377 292 1467 noble
315 1402 354 1451 ac
385 1376 439 1448 die
466 1383 756 1472 expugnaverint,

59 1476 210 1548 hostibus
237 1475 391 1572 ubique,
422 1473 515 1547 velut
541 1478 636 1547 omni
660 1496 757 1549 metu

60 1571 191 1669 abjedlo
218 1573 360 1645 securius
384 1571 558 1670 agentibus
582 1588 608 1641 a
666 1572 757 1665 Qti⁴

58 1666 119 1742 bus
146 1669 293 1745 cladibus
315 1673 473 1767 invicem.
494 1672 591 1744 illatis
622 1673 757 1770 quietae

17 1840 24 1849 ,
58 1769 262 1866 aliquamdiu
299 1793 351 1842 res
387 1768 421 1840 in
459 1769 621 1868 Hispania
649 1769 754 1841 finit.

59 1867 198 1941 Senatui
232 1887 344 1939 tamen
377 1890 446 1938 non
479 1868 628 1963 placuit,
661 1869 756 1962 quod

60 1965 213 2036 Marcius
234 1965 396 2058 imperio,
422 1966 490 2034 noia
508 1965 629 2059 Populi
648 1963 756 2058 julla,

10 2076 13 2083 “
60 2084 130 2131 non
169 2082 214 2130 ex
248 2059 446 2131 austoritate
488 2061 626 2130 Patrum
656 2059 762 2147 dato,

61 2167 247 2256 Proptaetor
272 2161 426 2243 Senatui,
459 2153 645 2250 scripserat:
675 2160 760 2243 mc,

61 2257 260 2355 Propraetori
286 2259 326 2324 L.
345 2258 504 2337 Ματθία,
536 2248 680 2321 oescribi.
692 2248 763 2344 pla·

61 2354 134 2425 cuit
160 2352 188 2422 b.

113 2445 295 2534 §.XXXL
320 2449 423 2520 Anno
443 2445 902 2543 UJbisquingente-gffl

65 2548 149 2620 fimo
163 2547 416 2644 quadragesimo
430 2541 577 2616 secundo
591 2541 702 2612 omnis
709 2541 807 2613 vista
814 2552 852 2603 A.
861 2565 923 2621 54²·
963 2586 965 2591 .

63 2645 142 2717 belli
168 2646 204 2714 in
230 2644 380 2740 Capuam
402 2641 592 2713 vertebatur
608 2654 656 2720 ἐς
680 2638 763 2724 ubi,

65 2766 145 2813 cum
165 2739 331 2835 Campani
347 2731 766 2836 equestribaupraeliissae·

66 2864 110 2937 pe
131 2835 280 2929 ,viliores
295 2836 430 2947 ¹client,
463 2856 544 2907 cum
560 2827 769 2936 pedestribus

651 2944 769 2994 vmcc-

105 3073 199 3137 alba‘d.
217 3091 291 3163 ως.
328 3071 347 3132 b
367 3072 406 3149 ad,
425 3072 565 3152 LXXVI.
577 3077 635 3125 aa.
671 3054 764 3118 elbid

17 3180 20 3185 '
68 3168 89 3211 θ·
108 3166 137 3219 4·
