2002 3554
111 148 272 225 Rumor.
303 145 466 222 Romnu.
486 146 628 224 Linll.
689 157 762 261 347·

56 335 97 383 ca
113 314 247 383 moenia
263 310 371 382 Aretii
387 309 424 380 in
444 306 578 383 Etruria
599 312 761 388 consedit.

58 410 156 482 Nam
175 407 261 480 sorte
279 406 340 506 ipsi
352 406 480 479 bellum
496 431 573 479 curn
583 409 759 486 Hanniba·

57 507 89 578 le
105 504 141 575 ὃ(
158 504 327 603 legiones,
353 528 437 600 quae
473 506 657 579 Placentiae
674 510 759 606 hye-

57 623 251 691 maverant,
278 604 495 685 obvenerant.
520 604 692 681 Hannibal
700 631 760 677 ve·

57 726 124 791 ro,
150 724 229 773 curn
259 722 446 791 metueret,
478 726 522 774 ne
539 701 649 784 Galli,
675 728 760 800 quos
842 778 845 783 ,

56 800 198 896 praedae
216 802 538 899 populationumque
552 802 621 898 spes
640 803 760 874 conci·

58 920 175 987 verat,
207 924 307 997 aegre
331 900 484 993 ferrent,
509 900 576 984 suas
593 918 693 971 terras
707 898 777 985 ses

59 995 139 1073 dem
154 996 232 1068 belli
255 996 340 1080 esse,
364 1001 524 1070 maturius
545 1019 588 1066 ex
610 997 759 1069 hibernis

58 1097 188 1166 moveri
225 1094 359 1167 coaetus
383 1094 443 1171 est.
496 1094 656 1189 Cumque
686 1094 758 1169 duo

57 1191 161 1263 essent
182 1193 327 1282 itinera,
360 1193 482 1291 quibus
511 1192 552 1263 ad
575 1188 761 1266 Consulem

55 1312 197 1386 pergere
235 1289 371 1389 pollet,
418 1289 551 1387 longius
590 1288 680 1361 aliud
719 1288 759 1365 dc

56 1388 293 1478 commodius,
327 1387 414 1459 aliud
442 1388 599 1486 propius,
625 1385 677 1458 sed
698 1409 759 1486 per

55 1484 189 1579 paludes
228 1487 265 1560 &
297 1488 499 1587 propinquas
530 1485 663 1556 laeuum
695 1509 759 1557 vo·

56 1583 214 1677 regines,
263 1586 454 1658 breviorem
496 1586 585 1654 viam
626 1579 757 1655 insistit.

56 1679 125 1752 Sed
175 1684 333 1756 maximis
374 1678 626 1754 difficultatibus
661 1681 761 1752 itine-

54 1777 99 1848 ris
145 1780 383 1867 conllislatus',
435 1779 472 1852 δι
502 1804 571 1851 non
615 1797 747 1851 tantum

56 1874 169 1950 multis
192 1879 385 1953 hominibus
415 1874 660 1975 jumentisque,
676 1928 677 1932 =
694 1901 755 1951 ve-

56 1995 133 2043 rum
150 1976 249 2047 etiam
265 1979 372 2049 altero
380 1975 625 2071 ‚oculovigiliis
642 1975 679 2045 &
690 1998 753 2045 no·

33 2126 36 2130 .
54 2066 176 2141 &orno
193 2072 490 2169 humoreprivatus
504 2070 636 2141 tandem
646 2092 755 2139 emer·

55 2165 109 2238 srt.
137 2168 218 2240 lnde
234 2168 363 2242 vallatis
383 2167 467 2265 agris
489 2182 505 2221 a
524 2217 535 2250 ,
563 2188 631 2261 quo
648 2165 755 2261 magis

54 2265 138 2336 iram
162 2267 330 2338 Flaminio
350 2264 391 2336 ad
419 2261 630 2357 vindicandas
647 2261 755 2334 socio-

56 2386 131 2434 rum
150 2366 282 2455 iniurias
298 2382 449 2446 acueret,
467 2362 571 2460 ipsum
589 2359 756 2432 inlocum

55 2461 130 2531 lacu
156 2467 348 2552 (Traſsmeno
373 2463 404 2533 ei
434 2482 558 2532 nomen
590 2463 680 2546 erat)
714 2482 754 2531 ac

57 2559 228 2632 montibus
250 2559 393 2632 clausum
426 2559 549 2644 illicit3
583 2579 683 2656 atque
706 2556 754 2630 ibi

57 2653 206 2752 undique
224 2656 461 2754 insurgentibus
475 2656 624 2729 hostibus
641 2659 756 2728 inme·

56 2754 115 2822 dio
133 2755 216 2826 caesi
234 2754 307 2828 sunt
327 2757 476 2831 Romani
506 2753 535 2824 b.
561 2753 635 2852 lpse
655 2752 752 2824 Con·

55 2850 102 2921 sul
127 2851 258 2925 fortiter·
284 2877 433 2952 pugnans
448 2853 560 2925 lancea
574 2850 753 2922 transfixus

56 2948 133 3022 fuit.
175 2950 339 3025 Cecidere
363 2953 400 3024 in
422 2953 494 3025 acie
516 2951 754 3023 Rornanorum

40 3064 45 3073 ·
656 3046 754 3144 quin·

93 3183 111 3225 a
130 3171 215 3246 Polyb.
234 3170 299 3238 ibid,
318 3190 339 3234 c.
348 3168 392 3235 82.
429 3170 448 3233 b
467 3169 681 3257 divrxmxll.
693 3182 755 3241 ug.
