2002 3554
130 129 284 246 Rnrnue.
309 129 642 211 RouanLrnll.
685 148 766 231 '215

54 287 209 373 dolerent
225 291 327 363 civile
340 293 395 387 jus
413 290 595 388 repofitum
614 295 649 367 in
661 317 764 391 peno·

56 383 196 461 tralibus
217 387 426 472 Pontificum
442 388 626 486 evulgavit,
646 390 762 467 fastos·

57 507 125 581 que
144 487 233 557 circa
250 486 361 559 forum
376 487 413 557 in
429 487 507 560 albo
515 492 703 585 proposuit,
728 511 767 565 ut

58 584 184 679 quando
209 588 275 684 lege
288 591 340 685 agi
349 586 456 682 posset,
482 585 630 659 sciretur.
654 586 767 663 Idem·

59 703 129 776 que
152 679 307 757 formulas
330 682 522 774 auionum,
560 708 648 782 quae
670 688 767 759 anxie

61 777 99 848 in
109 778 242 872 judiciis
257 780 532 868 observabantur,
555 782 769 951 comgosuiu

62 873 138 968 vel,
167 882 267 977 juxta
296 882 399 971 alios,
426 899 442 940 ²
467 880 508 954 ab
532 881 599 977 Ap.
646 879 772 955 'laudio

59 977 264 1074 compofitas
285 979 447 1076 vulgavit.
503 978 625 1051 Fabius
650 1000 771 1053 contra

62 1069 194 1148 Censor
218 1076 287 1149 hoc
304 1079 425 1148 eodem
439 1100 525 1151 anno
541 1101 679 1162 omnem
697 1098 771 1151 tur·

61 1169 139 1242 barn
159 1172 323 1246 forensem
339 1195 507 1247 excretam
523 1198 567 1247 ex
585 1174 721 1268 reliquie·
733 1178 770 1247 in

62 1287 209 1363 quatuor
224 1271 329 1351 tribus
347 1273 519 1368 conjecit,
546 1295 587 1342 ne
603 1274 638 1345 in
647 1272 771 1345 humil·

62 1364 224 1442 limorum
254 1395 354 1444 manu
372 1371 513 1443 comitia
528 1369 646 1459 ellent,
680 1369 772 1442 urba-

64 1469 180 1560 nasque
202 1492 256 1539 eas
274 1468 378 1540 tribus
393 1469 584 1563 appellavit.
636 1466 771 1542 Abeo-

64 1559 144 1632 dem
170 1563 358 1639 institutum
383 1566 531 1653 dicitur,
563 1588 598 1636 ut
624 1569 770 1665 Equites,

63 1660 175 1732 Idibus
181 1663 388 1756 Qurnlla'lr'bus
396 1667 675 1737 transveherentur.

114 1762 256 1844 §.Vlll
283 1765 386 1849 Anno
412 1761 514 1837 Urbis
539 1785 622 1860 451.
654 1763 766 1862 Aequi
781 1756 840 1821 §.8.
860 1759 932 1818 Μ’

64 1881 165 1954 aegre
179 1861 340 1957 patientes
359 1863 527 1935 coloniam
544 1865 638 1937 velut
651 1887 765 1936 arcem
777 1835 930 1968 msam

64 1955 128 2027 suis
145 1956 265 2031 finibus
282 1959 492 2055 imposuero,
517 1960 642 2043 summa
651 1962 685 2034 vi
693 1984 765 2033 eam
776 1933 934 2047 sagnirlbus

66 2078 264 2155 oppugnare
291 2059 399 2128 adorti
414 2056 488 2133 sunt
507 2055 524 2113 b
544 2082 554 2127 :
580 2056 616 2128 δί
633 2058 714 2130 licet
726 2056 768 2128 ab
778 2059 891 2139 aliisque.

66 2153 146 2252 ipfis
171 2154 300 2225 colonis
328 2153 431 2225 effent
455 2151 540 2249 pulfi
565 2171 680 2225 tamen
695 2144 926 2225 ma-A·U·451·

66 2274 173 2351 gnum
191 2254 326 2337 Romae
344 2272 522 2323 terrrorern
540 2248 670 2338 feceret
696 2251 774 2347 quia
856 2284 859 2292 ·

67 2352 127 2422 vix
154 2350 243 2422 credi
268 2369 399 2445 poterat
413 2345 498 2421 solos
517 2348 623 2446 perse
639 2353 775 2446 Aequos

67 2449 108 2520 ad
124 2446 249 2520 bellum
264 2471 413 2520 coortos.
464 2448 600 2521 Tamen
620 2473 637 2520 a
653 2445 776 2523 Diola·

68 2567 146 2618 tore
166 2545 212 2618 C.
230 2546 332 2642 Junio
360 2546 543 2636 Bubulco,
580 2572 681 2644 quern
705 2550 777 2644 ejus

48 2718 53 2729 ,
69 2643 149 2715 belli
166 2667 274 2716 metus
293 2647 396 2717 creari
414 2645 554 2734 fecerat,
577 2646 675 2719 facile
694 2644 780 2728 vieti,

69 2740 155 2814 sunt.
178 2742 391 2816 Graecorum
411 2744 514 2816 etiarn
546 2742 672 2833 claffis,
694 2767 778 2838 quae

68 2844 202 2913 Thurios
227 2839 345 2911 urbem
375 2841 410 2912 in
424 2844 605 2912 Sallentinis
621 2857 777 2936 ceperat,

69 2948 169 3015 aM.
188 2940 329 3013 Aemilio
345 2935 492 3010 Consule
509 2934 689 3034 profligata
706 2934 775 3023 est;

417 3035 504 3130 04
743 3031 781 3109 ot

111 3174 129 3218 a
147 3156 166 3220 l.
178 3177 206 3220 2.
221 3162 248 3228 S.
262 3175 288 3235 7.
295 3157 371 3240 Μ
382 3158 463 3235 oJ.
499 3157 600 3222 baio.
614 3164 758 3221 lazar.
