2002 3554
174 156 250 229 628
396 148 720 231 niuem

178 315 228 389 ius
256 314 400 391 tentavit
423 312 622 387 divitiarum
647 316 870 419 exspeffltioe
902 290 908 383 i

179 410 308 485 duetus.
359 408 452 507 Isque
471 410 563 482 bello
580 412 667 487 finis
683 417 778 505 fuit3
803 422 871 513 cuju
905 422 908 509 ζ

178 512 300 595 caussa,
326 512 404 583 licet
432 504 635 605 iniquiffime'
660 512 824 613 suscepti,
846 538 877 585 oe
903 520 908 551 ¹

177 608 312 704 quidem
328 608 363 678 in
377 603 543 703 judicium
559 606 737 683 Lucullus
761 632 878 683 vocatus
904 642 907 647 ·

175 704 235 777 est.
281 704 382 777 Circa
409 700 497 773 idem
523 726 686 801 tempus,
714 729 775 781 aut
793 709 876 805 paui·

19 802 212 886 a.tt.598.lo
226 823 344 891 antea,
368 798 517 871 Lusttani
532 800 623 872 duce
646 808 770 875 Punico
778 814 875 877 Man·

125 968 142 977 ,,
177 905 272 987 lium,
299 900 335 973 &
353 901 552 997 Calpurnium
574 899 758 976 Romanos
773 904 874 999 impe·
905 910 908 923 '

177 1018 300 1072 ratores
322 998 479 1093 fugarunt
501 995 635 1083 multis,
665 998 706 1070 δι
723 1003 810 1073 inter
826 1024 871 1071 eos

175 1100 316 1168 Terentio
359 1099 497 1165 'Varrone
533 1092 756 1188 Qtaestote‚
791 1099 871 1169 occi·

176 1194 227 1267 su.
277 1189 349 1289 lpse
372 1192 517 1262 Punicus
541 1214 611 1261 non
636 1190 698 1264 diu
721 1194 873 1288 posthaec

175 1291 255 1365 saxo
276 1308 376 1386 caput
395 1287 480 1360 tuus
502 1288 600 1384 periit
624 1304 656 1359 ².
707 1291 874 1364 Successor

175 1413 256 1462 vero
301 1390 371 1485 eius
409 1390 558 1476 Caesam
595 1390 807 1483 cognomine
837 1394 873 1460 1„

176 1493 400 1571 Mummium,
431 1483 574 1554 eundem
600 1490 662 1579 qui
688 1485 798 1579 postea
823 1493 874 1554 A·

175 1584 295 1655 choicus
309 1580 416 1655 diuus
431 1579 496 1662 est,
521 1604 599 1652 cum
615 1583 764 1674 primum
777 1583 819 1655 ab
833 1608 872 1654 eo

173 1682 280 1753 victus
306 1680 411 1768 eiset,
447 1702 530 1749 mox
558 1678 735 1750 conversus
763 1679 870 1751 castn's

54 1773 66 1811 ”
173 1774 209 1848 &
224 1777 341 1873 praeda
354 1774 447 1846 omni
464 1777 571 1847 exuit.
596 1778 652 1848 'At
668 1776 862 1860 Mummius,

171 1897 249 1947 cum
260 1896 398 1969 paucos,
423 1874 479 1966 qui
496 1897 514 1942 a
529 1870 864 1970 clodesuperfuemnt,

173 1974 339 2045 continuis
353 1971 518 2041 exercitiis
525 1969 864 2043 confirmaiittexim·

172 2071 303 2165 proviso
317 2066 472 2141 barbaros
492 2066 626 2139 adortus
654 2067 801 2141 obtinuit
816 2071 863 2139 vi·

171 2167 321 2240 &otiam
370 2162 452 2237 Inde
474 2164 648 2236 Lusitanis
664 2165 864 2237 etiamviiiis

169 2266 317 2337 Romam
334 2259 719 2356 teverl‘ustriumphavit.
736 2272 791 2335 M.
807 2272 863 2333 A·

169 2368 254 2433 tilius
276 2368 438 2442 Serranus,
463 2359 520 2454 qui
544 2359 719 2431 Mummio
745 2359 861 2432 succes·

166 2463 273 2545 serat,
309 2461 392 2532 vicit
421 2455 554 2552 quidem
572 2454 783 2548 humanos,
809 2483 861 2530 eo·

166 2580 307 2653 rumque
330 2557 467 2628 vicinos.
519 2553 759 2640 Sodomita,
786 2557 862 2653 quin

165 2680 246 2727 mox
264 2655 372 2726 Atilio
388 2654 422 2723 in
439 2649 584 2751 hyberna
600 2650 758 2744 profesto
775 2653 862 2723 defe-

164 2755 282 2828 cerint.
332 2752 460 2822 interca
475 2767 583 2819 autem
602 2750 636 2817 in
655 2752 862 2844 provinciam

162 2868 296 2923 venerat
315 2852 385 2919 Ser.
408 2848 556 2942 Sulpicius
572 2845 697 2915 Galba:
722 2850 782 2941 qui
798 2873 862 2921 ma·

159 2972 226 3052 gna
256 2945 425 3019 celeritate
450 2942 558 3015 hostes
585 2941 781 3040 superavit:
807 2969 862 3016 ve-

6 3030 60 3172 N
790 3068 861 3119 rum

196 3186 214 3234 a
235 3167 420 3246 Appianum
440 3160 548 3221 unffi·
