2048 3526
181 150 338 226 Rumon.
365 148 535 225 Romam
553 148 639 224 Lm.
650 149 699 226 V.
728 165 809 249 ¹,⁴11

111 311 221 411 c'astris
246 334 352 410 prope
375 309 479 382 castra
506 313 597 409 re'gia
628 310 745 407 pofitis
763 331 812 401 a,

111 411 323 508 posteaquam
349 433 367 479 a
393 407 497 506 Rege
512 404 686 481 detrefihari
703 430 813 485 certa·

112 533 190 580 men
215 503 365 586 videret,
389 505 431 576 de
453 504 579 602 praelio
595 509 813 579 committen-

111 605 157 675 do
175 603 214 676 ad
231 602 405 675 confilium
432 604 564 676 retulit:
591 599 648 674 ubi
667 604 815 699 undique

118 701 366 774 conclamatum
388 699 465 791 est,
496 705 645 802 extemplo
662 708 696 771 in
709 701 816 793 hostem

112 801 251 870 duceret.
279 799 325 871 Et
341 801 443 870 tertio
457 797 512 870 die
531 799 700 896 pugnandi
716 802 815 895 copia

112 901 281 993 utrimque
309 893 394 968 fasta
421 894 496 967 est:
531 919 648 967 verum
679 898 815 969 initium

109 994 213 1066 cladis
231 994 406 1065 Antiocho
422 995 506 1079 fuit,
534 993 624 1087 quod
634 994 815 1092 quadrigae

109 1093 181 1187 ejus
208 1091 349 1164 falcibus
367 1110 508 1163 armatae
525 1091 561 1160 in
575 1090 691 1188 fugam
705 1091 815 1164 versae

109 1190 185 1261 sunt
210 1189 239 1261 b.
289 1187 344 1266 Eo
379 1211 504 1288 pavore
532 1186 663 1260 turbata
688 1191 818 1285 auxilia-

109 1307 222 1360 totum
246 1286 377 1360 laevum
405 1307 512 1358 cornu
537 1287 697 1382 inclinare
720 1286 811 1357 fece·

112 1405 211 1456 runt:
238 1384 385 1480 illudque
403 1407 485 1455 mox
504 1383 611 1455 media
625 1383 811 1457 aciessecu-

111 1498 145 1552 ta
170 1480 228 1552 est.
263 1484 296 1557 A
321 1482 442 1556 dextro
463 1504 546 1552 vero
562 1505 669 1553 cornu
687 1485 812 1577 equitea

109 1577 259 1651 Romani
284 1579 420 1676 fugati,
453 1577 489 1650 &
520 1577 562 1650 ad
585 1577 687 1650 castra
711 1579 812 1676 usque

111 1675 277 1774 compulsr
293 1677 385 1750 sunt:
411 1676 465 1749 sed
485 1683 535 1749 M
559 1679 812 1750 Aemilr'asTri‘·

108 1771 217 1845 bunus
240 1774 413 1862 militum,
438 1778 495 1872 qui
513 1773 626 1849 castris
643 1797 812 1872 praeerat,

110 1873 210 1954 minis
237 1870 271 1942 ὅ(
294 1892 380 1944 ¹mort
396 1873 587 1946 vulneribus
603 1872 735 1945 suorum
754 1875 810 1947 fu·

109 1991 189 2065 gam
207 1964 308 2051 fistit3
334 1967 369 2037 &
386 1969 518 2041 Attalus
533 1970 696 2041 Eumenis
708 1971 810 2045 frater

110 2088 127 2138 a
146 2063 266 2134 dextro
291 2064 529 2135 Romanornm
553 2087 657 2136 cornu
673 2068 707 2136 in
723 2089 810 2139 tem·

110 2184 194 2257 pore
221 2184 301 2231 cunr
316 2160 469 2232 ducentis
485 2160 652 2257 equitibus
663 2161 810 2240 advenit.

111 2257 208 2356 Ergo
225 2257 415 2330 Antiochus
431 2281 519 2354 equo
528 2257 689 2332 converso
698 2262 733 2331 in
745 2261 809 2362 Syr
837 2286 841 2298 ’

110 2359 192 2428 riam
220 2355 320 2452 usque
334 2354 412 2456 fuga
426 2356 601 2431 contendit
626 2373 653 2434 θ.
697 2361 808 2438 Multi

110 2454 189 2525 inde
212 2454 416 2550 fugientium
440 2455 536 2527 caefi:
554 2455 651 2528 multi
678 2456 712 2528 in
732 2457 814 2553 ipsu

101 2551 221 2647 ,castris
241 2582 253 2633 3
286 2574 369 2646 quae
396 2551 492 2625 srmul
507 2571 609 2651 capta·
622 2552 658 2624 &
673 2554 805 2655 direpta

108 2647 205 2734 sunt,
231 2648 397 2721 Romanis
411 2672 488 2722 cum
507 2674 626 2748 magna
643 2655 807 2749 praedain

109 2749 164 2818 [ua
185 2745 288 2818 castra
306 2745 553 2828 revertentibus.
580 2749 806 2826 Cecidiffeex

108 2846 208 2944 regiis
223 2842 807 2946 dicunturpeditummilliaadquin·
849 2937 851 2943 Ι
902 2934 905 2947 .

727 2971 808 3043 qua·

148 3090 164 3132 a
183 3077 243 3137 Liv.
260 3079 284 3136 d.
303 3077 322 3136 l.
339 3077 413 3154 r.38.
450 3079 468 3137 b
487 3080 552 3160 rbr'd,
572 3084 807 3166 tundamur.
868 3158 870 3163 ,

110 3149 212 3231 amo&
248 3156 394 3241 cappam.
411 3172 509 3232 nuto.
