2002 3554
67 40 100 183 l

67 186 88 267 ᾗ
187 177 349 251 Remum.
372 173 538 250 Roma.
557 168 723 248 Lon?
745 194 817 272 405

67 341 190 523 'urbs
214 342 410 413 traderetur.
463 333 571 431 Qtod
607 357 720 410 tamen
742 336 814 410 fine

113 440 296 512 certamine
315 435 387 507 fieri
409 454 476 505 non
493 431 627 531 potuit:
652 437 813 510 cumlon·
918 526 920 531 ,

115 560 160 636 ge
193 533 356 607 fortiffimi
400 533 551 629 equitum
575 551 650 604 toto
683 533 813 606 Punico

114 634 268 706 exercitu
288 631 333 704 ibi
344 632 384 703 in
402 629 565 729 praesidio
582 631 695 702 ellent.
729 628 812 703 Nec
862 650 867 662 ·

114 729 236 802 deinde
261 753 406 827 unquam
430 730 584 816 Poenus,
618 752 686 827 quo
708 726 812 826 longe
930 808 933 815 ⁸

116 829 298 924 plurimum
311 826 477 914 valuerat,
501 829 651 923 equitatu
663 822 813 921 superior

114 926 190 998 fuit.
241 925 324 997 lnde
357 924 536 996 Marcellus
561 927 752 995 Maroneam
777 920 813 994 ὃ(

67 1046 84 1121 j
116 1027 224 1098 Meles
241 1023 283 1094 de
301 1022 503 1095 Samnitibus
519 1020 553 1093 vi
572 1022 664 1118 cepit
688 1037 714 1092 ².
739 1017 811 1094 Ve-

67 1136 81 1221 Ι
113 1145 192 1193 rum
235 1117 312 1216 post
344 1142 463 1214 paucos
492 1118 560 1190 dies
584 1119 650 1192 Cn.
674 1117 812 1192 Fulvius

67 1224 80 1315 l
114 1215 295 1290 Proconlul
317 1216 368 1286 ad·
393 1217 610 1304 Herdoneam,
645 1214 813 1313 Hirpino·

67 1338 93 1407 Ι·
113 1339 189 1387 rum
215 1336 320 1411 prope
342 1311 424 1385 fines
457 1315 600 1410 Apuliae
626 1312 809 1410 oppidum,

67 1456 74 1489 :
115 1414 276 1485 incautius
297 1433 397 1507 agens
424 1409 465 1483 ab
498 1411 720 1501 Hannibale,
752 1411 810 1504 qui

72 1522 78 1533 ’
117 1511 245 1606 magnis
266 1507 436 1581 itineribus
451 1531 495 1578 ex
508 1510 650 1581 Bruttiis
667 1533 710 1580 eo
726 1529 813 1578 con·

72 1682 75 1687 ,
117 1607 292 1695 tenderat,
325 1629 404 1678 cum
434 1608 586 1679 exercitu
608 1606 699 1680 fufus
725 1604 809 1677 fuit.-

115 1702 185 1802 ipfe
208 1705 346 1778 Fulvius
372 1729 451 1776 cum
475 1702 654 1777 duodecim
671 1702 815 1777 tribunis
877 1764 902 1797 Δ.

115 1801 260 1875 militum
276 1802 411 1874 cecidit.
447 1801 694 1888 Herdoneam,
717 1799 810 1898 quod

114 1897 319 1973 defedluram
346 1925 419 1971 eam
445 1899 536 1970 fuille
559 1901 600 1972 ad
629 1902 810 1974 Romanos
889 1944 892 1952 ·

67 2074 70 2081 ,
114 1995 241 2086 sciret,
279 1995 429 2066 incendit
460 1997 656 2091 occiditque
680 1997 811 2094 princi-

117 2116 174 2189 pes
193 2146 204 2180 ‚
238 2093 296 2186 qui
317 2106 408 2162 cum'·
420 2090 540 2162 Fulvio
555 2091 689 2164 occulta
703 2089 810 2163 collo·

115 2190 193 2287 quia
211 2185 353 2261 habuille
370 2191 535 2281 comperti
544 2186 627 2260 lunt.
653 2187 811 2280 Quacla·

115 2288 159 2359 de
179 2286 263 2362 nihil
281 2285 414 2357 territus
432 2285 615 2358 Marcellus
631 2286 809 2356 Hanniba·

115 2388 181 2459 lem
203 2384 243 2455 a'd
268 2381 498 2475 Numistronem
524 2384 559 2456 in
580 2383 730 2456 Lucanis
758 2380 809 2454 su·

115 2501 268 2580 peratum
284 2480 437 2552 recedere
454 2481 588 2580 coiigit:
614 2501 714 2577 atque
733 2479 811 2552 inde

116 2605 176 2677 per
215 2577 372 2673 Apuliam
403 2583 593 2651 exercitum
627 2578 808 2651 ducentem

117 2674 310 2775 prosecutus
345 2674 473 2747 levibus
507 2676 635 2774 aliquot
658 2676 811 2773 praeliis,

116 2797 201 2870 quae
226 2772 330 2849 ferme
355 2773 467 2844 omnia
488 2772 645 2846 Romanis
669 2769 810 2843 secunda

117 2873 273 2963 fuerunt,
300 2872 452 2943 vexavit:
477 2869 560 2944 du'm
577 2867 811 2942 FlaccusPro·

117 2968 259 3056 consul,
299 2965 548 3064 Campanorum
580 2964 811 3064 conjuratione

125 3120 130 3127 -
450 3066 561 3163 Cc5
719 3084 814 3148 com·

157 3199 174 3241 a
194 3185 253 3249 tia.
271 3191 421 3269 lawll.
440 3202 463 3249 t.
476 3201 501 3247 1.
