2002 3554
141 145 303 220 Rmrur.
328 141 488 216 uonna.
516 85 655 218 Lau,
693 148 774 241 ‘195
855 216 858 221 ,

71 304 143 473 puli
167 304 250 400 juffu
277 304 448 401 contigit:
483 301 520 375 &
551 302 615 375 aiio
638 307 788 394 honore,

97 396 588 500 eiioqueconfeo'to,triumphus
618 419 648 476 a,
674 404 772 478 Nam

71 520 162 571 anno
191 496 348 594 sequente
369 518 455 591 427a
473 496 709 594 Palaepolittni
739 498 929 577 &Muti

72 595 291 670 dediderunt:
316 596 675 696 eodemquetempore,
693 620 773 675 cum

73 692 276 768 Samnitibus
284 693 410 769 beilum
417 693 581 772 indifiium
596 693 677 769 effct
686 746 699 783 ,
708 716 774 769 no·

22 826 28 847 =
74 812 136 880 va,
160 790 244 865 nihii
265 809 339 867 tum
357 795 471 867 animo
485 793 551 866 tale
568 790 775 891 agitantibus

72 886 257 978 Romanis,
279 891 484 966 accesserunt
499 890 621 963 auxilia
651 888 679 961 b.
705 893 773 960 Lu·

73 992 146 1057 cani
169 987 206 1060 &
238 992 342 1087 Apuli
361 1012 452 1061 arma
472 987 624 1085 virosque
642 985 772 1060 adbel·

72 1081 143 1156 lum
169 1084 366 1182 pollicentes
387 1084 522 1158 foedere
537 1086 572 1156 in
588 1085 771 1158 amicitiam

73 1182 204 1276 recepti
218 1180 312 1254 sunt:
339 1179 396 1254 sed
410 1182 542 1255 Lucani
558 1181 669 1254 statim
679 1182 772 1254 frau·

72 1275 117 1350 de
142 1282 383 1350 Tarentinorum
406 1286 577 1376 (Magnae
603 1284 772 1368 Graeciae,

73 1373 144 1447 five
158 1398 313 1448 extremae
331 1379 440 1447 Italiae
454 1375 533 1449 urba
547 1375 697 1449 Graecae
705 1377 773 1448 ori·

21 1534 26 1544 .
72 1474 161 1566 ginis
183 1472 277 1561 fuit,
310 1496 393 1571 quae
414 1475 623 1548 vicinitatem
645 1475 773 1547 Roma·

71 1591 173 1656 nam,
202 1569 240 1644 ὃ(
261 1573 384 1645 merito
396 1570 547 1670 quidem,
574 1571 772 1660 metuebat)

69 1665 278 1743 defecerunt.
300 1667 770 1763 QridamenimeuLucanm

71 1768 771 1866 rumclarajuventutepretioaTarentinir

68 1861 180 1937 adsciti
196 1863 312 1964 seipsos
330 1867 434 1964 virgis
450 1865 658 1953 multarunt,
683 1865 720 1940 &
732 1891 779 1939 a··

70 1961 138 2054 pud
161 1963 251 2035 cives
275 1961 449 2037 vociferati
473 1964 565 2051 sunt,
597 1967 651 2051 se,
674 1965 768 2060 quod

70 2056 173 2130 castra
190 2061 426 2132 Romanorum
434 2060 565 2157 ingredi
571 2059 640 2131 aufi
649 2060 768 2151 effent,

69 2174 91 2226 π
105 2155 251 2228 Consule
265 2156 369 2253 virgis
383 2155 491 2228 caesos
507 2155 542 2226 &
558 2178 664 2252 prope
677 2153 770 2228 secu-

68 2254 97 2323 ri
124 2253 292 2352 percuffos
308 2252 379 2325 effe.
404 2248 486 2349 Ejus
502 2253 550 2325 rei
566 2252 770 2350 indignitate·

69 2353 215 2448 permoti
232 2349 365 2424 Lucani
379 2349 573 2425 societatem
587 2374 667 2424 cum
677 2355 771 2424 Sam·

69 2449 195 2520 nitibus
207 2469 426 2524 renovarunt:
460 2447 513 2522 sed
531 2449 641 2523 statim
655 2446 769 2524 fraude

67 2545 256 2638 inteiltsta,
279 2549 364 2621 nihil
379 2549 463 2623 ultra
472 2600 484 2637 ,
515 2573 615 2649 quam
631 2570 670 2623 ut
684 2570 768 2648 poe·

68 2647 192 2719 niteret
207 2645 341 2735 frustra,
364 2645 515 2721 restabat.
566 2645 769 2721 Adomnem

67 2741 158 2814 hanc
172 2742 249 2817 beili
258 2741 541 2834 molemacceffit‚
565 2744 768 2842 quodetiam

69 2840 206 2937 Vestinus
227 2839 373 2938 populus
388 2841 598 2915 Samnitibus
607 2843 769 2937 jungere·

68 2955 145 3013 tun
160 2939 295 3012 Verum
313 2936 407 3010 domi
422 2960 466 3109 pp
479 2932 769 3010 annoveiutaiiud

491 3057 511 3106 2
705 3056 770 3110 rm·

107 3156 123 3210 a
144 3151 204 3212 tio.
222 3162 253 3216 t.
267 3160 337 3220 rur.
352 3173 373 3217 a
385 3152 433 3218 26.
470 3135 571 3223 u'rbu.
589 3174 614 3226 e.
628 3174 681 3244 ις.
