<?xml version="1.0" encoding="UTF-8"?>
<!DOCTYPE html PUBLIC "-//W3C//DTD XHTML 1.0 Transitional//EN"
    "http://www.w3.org/TR/xhtml1/DTD/xhtml1-transitional.dtd">
<html xmlns="http://www.w3.org/1999/xhtml" xml:lang="en" lang="en">
 <head>
  <title>
</title>
<meta http-equiv="Content-Type" content="text/html;charset=utf-8" />
  <meta name='ocr-system' content='tesseract 3.04.00' />
  <meta name='ocr-capabilities' content='ocr_page ocr_carea ocr_par ocr_line ocrx_word'/>
</head>
<body>
  <div class='ocr_page' id='page_1' title='image "./historiareipubl00nieugoog/historiareipubl00nieugoog_0436.png"; bbox 0 0 2002 3554; ppageno 0'>
   <div class='ocr_carea' id='block_1_1' title="bbox 181 126 831 267">
    <p class='ocr_par' dir='ltr' id='par_1_1' title="bbox 181 126 831 267">
     <span class='ocr_line' id='line_1_1' title="bbox 181 126 831 267; baseline -0.009 -24"><span class='ocrx_word' id='word_1_1' title='bbox 181 162 344 244; x_wconf 75' lang='lat' dir='ltr'>Remum</span> <span class='ocrx_word' id='word_1_2' title='bbox 378 126 541 240; x_wconf 70' lang='lat' dir='ltr'>Roman.</span> <span class='ocrx_word' id='word_1_3' title='bbox 566 160 703 240; x_wconf 83' lang='lat' dir='ltr'><strong>Lmll.</strong></span> <span class='ocrx_word' id='word_1_4' title='bbox 758 168 831 267; x_wconf 74' lang='lat'>3&#39;3&#39;7</span> 
     </span>
    </p>
   </div>
   <div class='ocr_carea' id='block_1_2' title="bbox 114 318 831 1010">
    <p class='ocr_par' dir='ltr' id='par_1_2' title="bbox 114 318 831 1010">
     <span class='ocr_line' id='line_1_2' title="bbox 114 318 828 433; baseline 0.007 -32"><span class='ocrx_word' id='word_1_5' title='bbox 114 331 220 402; x_wconf 72' lang='lat' dir='ltr'>‘valles</span> <span class='ocrx_word' id='word_1_6' title='bbox 248 331 448 401; x_wconf 83' lang='lat' dir='ltr'>occultiores</span> <span class='ocrx_word' id='word_1_7' title='bbox 472 326 672 424; x_wconf 83' lang='lat' dir='ltr'>insediffent,</span> <span class='ocrx_word' id='word_1_8' title='bbox 705 318 828 433; x_wconf 63' lang='lat' dir='ltr'>ingen*</span> 
     </span>
     <span class='ocr_line' id='line_1_3' title="bbox 119 427 828 526; baseline 0.007 -28"><span class='ocrx_word' id='word_1_9' title='bbox 119 443 191 498; x_wconf 84' lang='lat' dir='ltr'>tem</span> <span class='ocrx_word' id='word_1_10' title='bbox 238 427 351 524; x_wconf 84' lang='lat' dir='ltr'>fugam</span> <span class='ocrx_word' id='word_1_11' title='bbox 379 430 586 523; x_wconf 88' lang='lat' dir='ltr'>stragemque</span> <span class='ocrx_word' id='word_1_12' title='bbox 619 429 726 502; x_wconf 87' lang='lat' dir='ltr'>facere</span> <span class='ocrx_word' id='word_1_13' title='bbox 761 457 828 526; x_wconf 76' lang='lat' dir='ltr'>po-</span> 
     </span>
     <span class='ocr_line' id='line_1_4' title="bbox 120 523 829 620; baseline 0.008 -27"><span class='ocrx_word' id='word_1_14' title='bbox 120 523 263 594; x_wconf 85' lang='lat' dir='ltr'>tuifl&#39;ent.</span> <span class='ocrx_word' id='word_1_15' title='bbox 318 525 385 600; x_wconf 88' lang='lat' dir='ltr'>Sed</span> <span class='ocrx_word' id='word_1_16' title='bbox 411 549 490 596; x_wconf 89' lang='lat' dir='ltr'>cum</span> <span class='ocrx_word' id='word_1_17' title='bbox 514 548 556 595; x_wconf 85' lang='lat' dir='ltr'>ex</span> <span class='ocrx_word' id='word_1_18' title='bbox 573 523 829 620; x_wconf 83' lang='lat' dir='ltr'>speculatoribus</span> 
     </span>
     <span class='ocr_line' id='line_1_5' title="bbox 126 621 830 708; baseline 0.006 -17"><span class='ocrx_word' id='word_1_19' title='bbox 126 621 289 693; x_wconf 79' lang='lat' dir='ltr'>didiciffet</span> <span class='ocrx_word' id='word_1_20' title='bbox 332 622 531 708; x_wconf 83' lang='lat' dir='ltr'>Hannibal,</span> <span class='ocrx_word' id='word_1_21' title='bbox 564 623 666 694; x_wconf 74' lang='lat' dir='ltr'>nouo</span> <span class='ocrx_word' id='word_1_22' title='bbox 697 642 830 696; x_wconf 88' lang='lat' dir='ltr'>tantum</span> 
     </span>
     <span class='ocr_line' id='line_1_6' title="bbox 124 716 831 810; baseline 0.01 -24"><span class='ocrx_word' id='word_1_23' title='bbox 124 716 223 791; x_wconf 88' lang='lat' dir='ltr'>saltus</span> <span class='ocrx_word' id='word_1_24' title='bbox 247 720 319 792; x_wconf 87' lang='lat' dir='ltr'>illos</span> <span class='ocrx_word' id='word_1_25' title='bbox 344 722 385 791; x_wconf 89' lang='lat' dir='ltr'>ab</span> <span class='ocrx_word' id='word_1_26' title='bbox 402 721 556 794; x_wconf 82' lang='lat' dir='ltr'>hostibus</span> <span class='ocrx_word' id='word_1_27' title='bbox 574 718 728 810; x_wconf 78' lang='lat' dir='ltr'>insideri,</span> <span class='ocrx_word' id='word_1_28' title='bbox 752 722 831 793; x_wconf 80' lang='lat' dir='ltr'>eum</span> 
     </span>
     <span class='ocr_line' id='line_1_7' title="bbox 123 817 829 916; baseline 0.008 -32"><span class='ocrx_word' id='word_1_29' title='bbox 123 818 278 888; x_wconf 87' lang='lat' dir='ltr'>exercitu</span> <span class='ocrx_word' id='word_1_30' title='bbox 301 817 342 888; x_wconf 89' lang='lat' dir='ltr'>ad</span> <span class='ocrx_word' id='word_1_31' title='bbox 366 821 448 916; x_wconf 77' lang='lat' dir='ltr'>ipsas</span> <span class='ocrx_word' id='word_1_32' title='bbox 463 820 532 890; x_wconf 88' lang='lat' dir='ltr'>illas</span> <span class='ocrx_word' id='word_1_33' title='bbox 546 819 712 916; x_wconf 86' lang='lat' dir='ltr'>angustias</span> <span class='ocrx_word' id='word_1_34' title='bbox 731 842 829 890; x_wconf 91' lang='lat' dir='ltr'>acce-</span> 
     </span>
     <span class='ocr_line' id='line_1_8' title="bbox 123 910 828 1010; baseline 0.009 -28"><span class='ocrx_word' id='word_1_35' title='bbox 123 910 204 998; x_wconf 84' lang='lat' dir='ltr'>dit3</span> <span class='ocrx_word' id='word_1_36' title='bbox 250 915 363 1010; x_wconf 87' lang='lat' dir='ltr'>ibique</span> <span class='ocrx_word' id='word_1_37' title='bbox 394 915 495 988; x_wconf 86' lang='lat' dir='ltr'>castra</span> <span class='ocrx_word' id='word_1_38' title='bbox 527 917 728 987; x_wconf 76' lang='lat' dir='ltr'><strong>communit.</strong></span> <span class='ocrx_word' id='word_1_39' title='bbox 779 917 828 988; x_wconf 87' lang='lat' dir='ltr'>At</span> 
     </span>
    </p>
   </div>
   <div class='ocr_carea' id='block_1_3' title="bbox 124 1013 939 1109">
    <p class='ocr_par' dir='ltr' id='par_1_3' title="bbox 124 1013 939 1109">
     <span class='ocr_line' id='line_1_9' title="bbox 124 1013 939 1109; baseline 0.007 -29"><span class='ocrx_word' id='word_1_40' title='bbox 124 1014 374 1108; x_wconf 83' lang='lat' dir='ltr'><strong>quamprimum</strong></span> <span class='ocrx_word' id='word_1_41' title='bbox 400 1015 536 1084; x_wconf 81' lang='lat' dir='ltr'>tumulis</span> <span class='ocrx_word' id='word_1_42' title='bbox 551 1013 713 1109; x_wconf 82' lang='lat' dir='ltr'>digress&#39;os</span> <span class='ocrx_word' id='word_1_43' title='bbox 731 1038 830 1085; x_wconf 86' lang='lat' dir='ltr'>mon·</span> <span class='ocrx_word' id='word_1_44' title='bbox 933 1034 939 1046; x_wconf 85' lang='lat'>&#39;</span> 
     </span>
    </p>
   </div>
   <div class='ocr_carea' id='block_1_4' title="bbox 125 1108 924 3256">
    <p class='ocr_par' dir='ltr' id='par_1_4' title="bbox 125 1108 924 3058">
     <span class='ocr_line' id='line_1_10' title="bbox 125 1108 832 1207; baseline 0.004 -28"><span class='ocrx_word' id='word_1_45' title='bbox 125 1127 220 1179; x_wconf 88' lang='lat' dir='ltr'>tanos</span> <span class='ocrx_word' id='word_1_46' title='bbox 249 1108 366 1197; x_wconf 79' lang='lat' dir='ltr'>sensit,</span> <span class='ocrx_word' id='word_1_47' title='bbox 402 1108 468 1203; x_wconf 85' lang='lat' dir='ltr'>ipse</span> <span class='ocrx_word' id='word_1_48' title='bbox 485 1111 596 1204; x_wconf 88' lang='lat' dir='ltr'>prima</span> <span class='ocrx_word' id='word_1_49' title='bbox 611 1111 724 1207; x_wconf 84' lang='lat' dir='ltr'>vigilia</span> <span class='ocrx_word' id='word_1_50' title='bbox 739 1110 832 1207; x_wconf 86' lang='lat' dir='ltr'>igni·</span> 
     </span>
     <span class='ocr_line' id='line_1_11' title="bbox 126 1205 834 1303; baseline 0.007 -29"><span class='ocrx_word' id='word_1_51' title='bbox 126 1205 190 1275; x_wconf 86' lang='lat' dir='ltr'>bus</span> <span class='ocrx_word' id='word_1_52' title='bbox 217 1207 251 1276; x_wconf 91' lang='lat' dir='ltr'>in</span> <span class='ocrx_word' id='word_1_53' title='bbox 275 1206 384 1277; x_wconf 90' lang='lat' dir='ltr'>castris</span> <span class='ocrx_word' id='word_1_54' title='bbox 399 1206 534 1277; x_wconf 79' lang='lat' dir='ltr'>accendi</span> <span class='ocrx_word' id='word_1_55' title='bbox 547 1206 638 1303; x_wconf 85' lang='lat' dir='ltr'>juffis</span> <span class='ocrx_word' id='word_1_56' title='bbox 654 1232 735 1279; x_wconf 90' lang='lat' dir='ltr'>cum</span> <span class='ocrx_word' id='word_1_57' title='bbox 754 1210 834 1279; x_wconf 59' lang='lat' dir='ltr'>Iole*</span> 
     </span>
     <span class='ocr_line' id='line_1_12' title="bbox 126 1300 833 1400; baseline 0.006 -27"><span class='ocrx_word' id='word_1_58' title='bbox 126 1300 181 1374; x_wconf 68' lang='lat' dir='ltr'>&amp;a</span> <span class='ocrx_word' id='word_1_59' title='bbox 199 1304 434 1400; x_wconf 85' lang='lat' dir='ltr'>expeditorum</span> <span class='ocrx_word' id='word_1_60' title='bbox 450 1327 549 1375; x_wconf 88' lang='lat' dir='ltr'>manu</span> <span class='ocrx_word' id='word_1_61' title='bbox 565 1303 725 1400; x_wconf 84' lang='lat' dir='ltr'>angustias</span> <span class='ocrx_word' id='word_1_62' title='bbox 736 1302 833 1377; x_wconf 73' lang='lat' dir='ltr'>salem</span> 
     </span>
     <span class='ocr_line' id='line_1_13' title="bbox 128 1399 833 1497; baseline 0.001 -25"><span class='ocrx_word' id='word_1_63' title='bbox 128 1402 181 1472; x_wconf 90' lang='lat' dir='ltr'>tio</span> <span class='ocrx_word' id='word_1_64' title='bbox 199 1400 306 1472; x_wconf 65' lang='lat' dir='ltr'>noeirs</span> <span class='ocrx_word' id='word_1_65' title='bbox 322 1402 456 1473; x_wconf 87' lang='lat' dir='ltr'>evadit:</span> <span class='ocrx_word' id='word_1_66' title='bbox 482 1420 581 1495; x_wconf 90' lang='lat' dir='ltr'>atque</span> <span class='ocrx_word' id='word_1_67' title='bbox 599 1399 833 1497; x_wconf 84' lang='lat' dir='ltr'>ipfistumulis,</span> 
     </span>
     <span class='ocr_line' id='line_1_14' title="bbox 130 1497 835 1592; baseline 0.007 -26"><span class='ocrx_word' id='word_1_68' title='bbox 130 1520 213 1592; x_wconf 88' lang='lat' dir='ltr'>quos</span> <span class='ocrx_word' id='word_1_69' title='bbox 236 1499 345 1569; x_wconf 86' lang='lat' dir='ltr'>hostes</span> <span class='ocrx_word' id='word_1_70' title='bbox 359 1519 552 1588; x_wconf 89' lang='lat' dir='ltr'>tenuerant,</span> <span class='ocrx_word' id='word_1_71' title='bbox 579 1497 736 1571; x_wconf 85' lang='lat' dir='ltr'><strong>consedit.</strong></span> <span class='ocrx_word' id='word_1_72' title='bbox 766 1500 835 1571; x_wconf 86' lang='lat' dir='ltr'>lta·</span> 
     </span>
     <span class='ocr_line' id='line_1_15' title="bbox 133 1595 836 1694; baseline 0.004 -30"><span class='ocrx_word' id='word_1_73' title='bbox 133 1617 200 1689; x_wconf 88' lang='lat' dir='ltr'>que</span> <span class='ocrx_word' id='word_1_74' title='bbox 227 1596 385 1692; x_wconf 88' lang='lat' dir='ltr'>postridie</span> <span class='ocrx_word' id='word_1_75' title='bbox 423 1595 560 1694; x_wconf 91' lang='lat' dir='ltr'>quidem</span> <span class='ocrx_word' id='word_1_76' title='bbox 596 1598 745 1668; x_wconf 88' lang='lat' dir='ltr'>montani</span> <span class='ocrx_word' id='word_1_77' title='bbox 781 1616 836 1668; x_wconf 93' lang='lat' dir='ltr'>tu·</span> 
     </span>
     <span class='ocr_line' id='line_1_16' title="bbox 132 1692 835 1790; baseline 0.004 -27"><span class='ocrx_word' id='word_1_78' title='bbox 132 1692 240 1765; x_wconf 88' lang='lat' dir='ltr'>mulos</span> <span class='ocrx_word' id='word_1_79' title='bbox 265 1720 283 1764; x_wconf 86' lang='lat' dir='ltr'>a</span> <span class='ocrx_word' id='word_1_80' title='bbox 309 1696 431 1767; x_wconf 84' lang='lat' dir='ltr'>Poenis</span> <span class='ocrx_word' id='word_1_81' title='bbox 447 1714 630 1790; x_wconf 87' lang='lat' dir='ltr'>occupatos</span> <span class='ocrx_word' id='word_1_82' title='bbox 652 1693 769 1765; x_wconf 90' lang='lat' dir='ltr'>vident</span> <span class='ocrx_word' id='word_1_83' title='bbox 789 1711 835 1766; x_wconf 72' lang='lat'>²:</span> 
     </span>
     <span class='ocr_line' id='line_1_17' title="bbox 132 1792 836 1889; baseline -0.001 -28"><span class='ocrx_word' id='word_1_84' title='bbox 132 1812 251 1862; x_wconf 86' lang='lat' dir='ltr'>verum</span> <span class='ocrx_word' id='word_1_85' title='bbox 278 1816 357 1863; x_wconf 91' lang='lat' dir='ltr'>cum</span> <span class='ocrx_word' id='word_1_86' title='bbox 381 1795 416 1864; x_wconf 93' lang='lat' dir='ltr'>in</span> <span class='ocrx_word' id='word_1_87' title='bbox 451 1792 613 1889; x_wconf 86' lang='lat' dir='ltr'>angustias</span> <span class='ocrx_word' id='word_1_88' title='bbox 641 1793 836 1864; x_wconf 80' lang='lat' dir='ltr'>tumultuari</span> 
     </span>
     <span class='ocr_line' id='line_1_18' title="bbox 130 1890 840 1985; baseline 0.004 -27"><span class='ocrx_word' id='word_1_89' title='bbox 130 1909 188 1958; x_wconf 87' lang='lat' dir='ltr'>eos</span> <span class='ocrx_word' id='word_1_90' title='bbox 219 1890 449 1985; x_wconf 85' lang='lat' dir='ltr'>conspiciunt,</span> <span class='ocrx_word' id='word_1_91' title='bbox 484 1892 576 1983; x_wconf 88' lang='lat' dir='ltr'>equis</span> <span class='ocrx_word' id='word_1_92' title='bbox 593 1892 738 1961; x_wconf 82' lang='lat' dir='ltr'><strong>maxime</strong></span> <span class='ocrx_word' id='word_1_93' title='bbox 752 1914 840 1961; x_wconf 68' lang='lat' dir='ltr'>con⁴</span> 
     </span>
     <span class='ocr_line' id='line_1_19' title="bbox 134 1982 838 2068; baseline 0.003 -15"><span class='ocrx_word' id='word_1_94' title='bbox 134 1982 297 2068; x_wconf 84' lang='lat' dir='ltr'>sternatis,</span> <span class='ocrx_word' id='word_1_95' title='bbox 323 1986 437 2057; x_wconf 85' lang='lat' dir='ltr'>multis</span> <span class='ocrx_word' id='word_1_96' title='bbox 452 2009 494 2055; x_wconf 87' lang='lat' dir='ltr'>ex</span> <span class='ocrx_word' id='word_1_97' title='bbox 514 1986 595 2055; x_wconf 87' lang='lat' dir='ltr'>loeis</span> <span class='ocrx_word' id='word_1_98' title='bbox 616 1985 710 2055; x_wconf 75' lang='lat' dir='ltr'>simul</span> <span class='ocrx_word' id='word_1_99' title='bbox 727 1989 763 2056; x_wconf 92' lang='lat' dir='ltr'>in</span> <span class='ocrx_word' id='word_1_100' title='bbox 780 2008 838 2055; x_wconf 88' lang='lat' dir='ltr'>eos</span> 
     </span>
     <span class='ocr_line' id='line_1_20' title="bbox 133 2079 909 2174; baseline -0.001 -22"><span class='ocrx_word' id='word_1_101' title='bbox 133 2083 285 2154; x_wconf 86' lang='lat' dir='ltr'>irruunt:</span> <span class='ocrx_word' id='word_1_102' title='bbox 320 2080 411 2174; x_wconf 89' lang='lat' dir='ltr'>quod</span> <span class='ocrx_word' id='word_1_103' title='bbox 434 2080 548 2151; x_wconf 89' lang='lat' dir='ltr'>videns</span> <span class='ocrx_word' id='word_1_104' title='bbox 576 2079 765 2167; x_wconf 85' lang='lat' dir='ltr'>Hannibal,</span> <span class='ocrx_word' id='word_1_105' title='bbox 800 2080 837 2151; x_wconf 89' lang='lat'>&amp;</span> <span class='ocrx_word' id='word_1_106' title='bbox 905 2104 909 2113; x_wconf 75' lang='grc'><em>’</em></span> 
     </span>
     <span class='ocr_line' id='line_1_21' title="bbox 135 2176 840 2275; baseline -0.006 -24"><span class='ocrx_word' id='word_1_107' title='bbox 135 2178 233 2267; x_wconf 82' lang='lat' dir='ltr'>simul</span> <span class='ocrx_word' id='word_1_108' title='bbox 265 2180 438 2275; x_wconf 87' lang='lat' dir='ltr'>cogitans,</span> <span class='ocrx_word' id='word_1_109' title='bbox 465 2177 685 2273; x_wconf 89' lang='lat' dir='ltr'>nequicquam</span> <span class='ocrx_word' id='word_1_110' title='bbox 709 2176 840 2247; x_wconf 87' lang='lat' dir='ltr'>incolu-</span> 
     </span>
     <span class='ocr_line' id='line_1_22' title="bbox 133 2272 838 2372; baseline -0.003 -24"><span class='ocrx_word' id='word_1_111' title='bbox 133 2301 224 2348; x_wconf 86' lang='lat' dir='ltr'>mem</span> <span class='ocrx_word' id='word_1_112' title='bbox 252 2275 402 2348; x_wconf 88' lang='lat' dir='ltr'>futurum</span> <span class='ocrx_word' id='word_1_113' title='bbox 429 2276 636 2363; x_wconf 86' lang='lat' dir='ltr'>exercitum,</span> <span class='ocrx_word' id='word_1_114' title='bbox 663 2272 838 2372; x_wconf 84' lang='lat' dir='ltr'>fijumen·</span> 
     </span>
     <span class='ocr_line' id='line_1_23' title="bbox 136 2373 865 2471; baseline -0.005 -23"><span class='ocrx_word' id='word_1_115' title='bbox 136 2377 178 2448; x_wconf 87' lang='lat' dir='ltr'>tis</span> <span class='ocrx_word' id='word_1_116' title='bbox 206 2373 240 2443; x_wconf 73' lang='grc' dir='ltr'>ὅ(</span> <span class='ocrx_word' id='word_1_117' title='bbox 267 2373 514 2471; x_wconf 87' lang='lat' dir='ltr'>impedimentis</span> <span class='ocrx_word' id='word_1_118' title='bbox 541 2393 735 2463; x_wconf 83' lang='lat' dir='ltr'>exueretur,</span> <span class='ocrx_word' id='word_1_119' title='bbox 761 2394 865 2461; x_wconf 89' lang='lat' dir='ltr'>cum</span> 
     </span>
     <span class='ocr_line' id='line_1_24' title="bbox 134 2469 841 2570; baseline 0 -26"><span class='ocrx_word' id='word_1_120' title='bbox 134 2495 173 2544; x_wconf 88' lang='lat' dir='ltr'>ea</span> <span class='ocrx_word' id='word_1_121' title='bbox 199 2495 320 2561; x_wconf 86' lang='lat' dir='ltr'>manu,</span> <span class='ocrx_word' id='word_1_122' title='bbox 346 2497 410 2570; x_wconf 92' lang='lat' dir='ltr'>qua</span> <span class='ocrx_word' id='word_1_123' title='bbox 427 2471 592 2570; x_wconf 86' lang='lat' dir='ltr'>angustias</span> <span class='ocrx_word' id='word_1_124' title='bbox 613 2469 841 2554; x_wconf 64' lang='lat' dir='ltr'>noeiuoccu·</span> 
     </span>
     <span class='ocr_line' id='line_1_25' title="bbox 136 2568 843 2668; baseline 0 -28"><span class='ocrx_word' id='word_1_125' title='bbox 136 2591 294 2668; x_wconf 86' lang='lat' dir='ltr'>paverat,</span> <span class='ocrx_word' id='word_1_126' title='bbox 327 2594 346 2639; x_wconf 93' lang='lat' dir='ltr'>e</span> <span class='ocrx_word' id='word_1_127' title='bbox 370 2568 536 2667; x_wconf 85' lang='lat' dir='ltr'>superiore</span> <span class='ocrx_word' id='word_1_128' title='bbox 562 2569 639 2641; x_wconf 91' lang='lat' dir='ltr'>loco</span> <span class='ocrx_word' id='word_1_129' title='bbox 660 2572 693 2640; x_wconf 89' lang='lat' dir='ltr'>in</span> <span class='ocrx_word' id='word_1_130' title='bbox 710 2568 843 2640; x_wconf 89' lang='lat' dir='ltr'>hostem</span> 
     </span>
     <span class='ocr_line' id='line_1_26' title="bbox 139 2665 844 2765; baseline 0 -29"><span class='ocrx_word' id='word_1_131' title='bbox 139 2667 308 2752; x_wconf 73' lang='lat' dir='ltr'>decurrit,</span> <span class='ocrx_word' id='word_1_132' title='bbox 336 2667 438 2763; x_wconf 90' lang='lat' dir='ltr'>iisque</span> <span class='ocrx_word' id='word_1_133' title='bbox 455 2670 489 2738; x_wconf 91' lang='lat' dir='ltr'>in</span> <span class='ocrx_word' id='word_1_134' title='bbox 507 2668 619 2765; x_wconf 85' lang='lat' dir='ltr'>fugam</span> <span class='ocrx_word' id='word_1_135' title='bbox 641 2665 742 2738; x_wconf 84' lang='lat' dir='ltr'>verfis</span> <span class='ocrx_word' id='word_1_136' title='bbox 770 2670 844 2736; x_wconf 89' lang='lat' dir='ltr'>otio</span> 
     </span>
     <span class='ocr_line' id='line_1_27' title="bbox 138 2760 924 2862; baseline -0.006 -26"><span class='ocrx_word' id='word_1_137' title='bbox 138 2763 211 2836; x_wconf 85' lang='lat' dir='ltr'>suos</span> <span class='ocrx_word' id='word_1_138' title='bbox 238 2762 393 2835; x_wconf 79' lang='lat' dir='ltr'>traducit.</span> <span class='ocrx_word' id='word_1_139' title='bbox 432 2763 527 2852; x_wconf 79' lang='lat' dir='ltr'>Qrin</span> <span class='ocrx_word' id='word_1_140' title='bbox 548 2762 733 2862; x_wconf 89' lang='lat' dir='ltr'>oppidum,</span> <span class='ocrx_word' id='word_1_141' title='bbox 758 2762 846 2833; x_wconf 90' lang='lat' dir='ltr'>unde</span> <span class='ocrx_word' id='word_1_142' title='bbox 920 2760 924 2766; x_wconf 76' lang='grc'>’</span> 
     </span>
     <span class='ocr_line' id='line_1_28' title="bbox 139 2858 847 2958; baseline -0.004 -28"><span class='ocrx_word' id='word_1_143' title='bbox 139 2858 388 2958; x_wconf 71' lang='lat' dir='ltr'>impressionem</span> <span class='ocrx_word' id='word_1_144' title='bbox 413 2862 558 2933; x_wconf 87' lang='lat' dir='ltr'>fecerant</span> <span class='ocrx_word' id='word_1_145' title='bbox 590 2860 716 2950; x_wconf 85' lang='lat' dir='ltr'>hostes,</span> <span class='ocrx_word' id='word_1_146' title='bbox 739 2858 847 2941; x_wconf 50' lang='lat' dir='ltr'>defers,</span> 
     </span>
     <span class='ocr_line' id='line_1_29' title="bbox 140 2957 845 3058; baseline -0.01 -25"><span class='ocrx_word' id='word_1_147' title='bbox 140 2980 213 3033; x_wconf 87' lang='lat' dir='ltr'>tum</span> <span class='ocrx_word' id='word_1_148' title='bbox 240 2983 344 3058; x_wconf 86' lang='lat' dir='ltr'>prope</span> <span class='ocrx_word' id='word_1_149' title='bbox 375 2963 494 3056; x_wconf 74' lang='lat' dir='ltr'>cepit3</span> <span class='ocrx_word' id='word_1_150' title='bbox 529 2960 651 3033; x_wconf 87' lang='lat' dir='ltr'>multos</span> <span class='ocrx_word' id='word_1_151' title='bbox 673 2957 845 3053; x_wconf 83' lang='lat' dir='ltr'>homines,</span> 
     </span>
    </p>

    <p class='ocr_par' dir='ltr' id='par_1_5' title="bbox 483 3051 853 3155">
     <span class='ocr_line' id='line_1_30' title="bbox 483 3051 853 3155; baseline 0 -26"><span class='ocrx_word' id='word_1_152' title='bbox 483 3055 518 3129; x_wconf 89' lang='lat' dir='ltr'>Y</span> <span class='ocrx_word' id='word_1_153' title='bbox 574 3058 577 3063; x_wconf 74' lang='grc'><strong>“</strong></span> <span class='ocrx_word' id='word_1_154' title='bbox 730 3051 853 3155; x_wconf 84' lang='lat' dir='ltr'>equo[·¹</span> 
     </span>
    </p>

    <p class='ocr_par' dir='ltr' id='par_1_6' title="bbox 180 3174 759 3256">
     <span class='ocr_line' id='line_1_31' title="bbox 180 3174 759 3256; baseline 0.003 -20"><span class='ocrx_word' id='word_1_155' title='bbox 180 3193 199 3252; x_wconf 58' lang='lat' dir='ltr'>a</span> <span class='ocrx_word' id='word_1_156' title='bbox 217 3178 302 3254; x_wconf 58' lang='lat' dir='ltr'>Pssiybo</span> <span class='ocrx_word' id='word_1_157' title='bbox 320 3186 412 3251; x_wconf 57' lang='lat' dir='ltr'>Lama·</span> <span class='ocrx_word' id='word_1_158' title='bbox 426 3192 501 3256; x_wconf 64' lang='lat'>,5051-</span> <span class='ocrx_word' id='word_1_159' title='bbox 520 3176 586 3247; x_wconf 70' lang='lat' dir='ltr'>liv.</span> <span class='ocrx_word' id='word_1_160' title='bbox 602 3175 631 3241; x_wconf 61' lang='lat' dir='ltr'>d·</span> <span class='ocrx_word' id='word_1_161' title='bbox 644 3174 664 3245; x_wconf 67' lang='lat' dir='ltr'>i·</span> <span class='ocrx_word' id='word_1_162' title='bbox 676 3189 759 3256; x_wconf 48' lang='lat' dir='ltr'>bess·</span> 
     </span>
    </p>
   </div>
   <div class='ocr_carea' id='block_1_5' title="bbox 0 0 1031 3554">
    <p class='ocr_par' dir='ltr' id='par_1_7' title="bbox 0 0 1031 3554">
     <span class='ocr_line' id='line_1_32' title="bbox 0 0 1031 3554; baseline 0 0"><span class='ocrx_word' id='word_1_163' title='bbox 0 0 1031 3554; x_wconf 95' lang='lat' dir='ltr'> </span> 
     </span>
    </p>
   </div>
  </div>
 </body>
</html>
