2002 3554
90 233 93 240 .
185 151 688 243 unanattonanssLnal.
745 156 816 267 t97

120 324 203 398 iliud
218 353 237 398 e
252 325 353 398 literis
367 324 405 396 ad
425 327 582 398 Senatum
592 327 818 403 miffirDieta·

123 442 179 495 tor
198 424 352 519 aceepit,
369 424 521 494 maximis
535 421 641 494 statim
652 426 820 498 itineribus

124 521 161 590 in
180 520 282 591 castra
299 517 464 616 profedius
482 519 548 592 est:
575 519 626 592 lbi
642 514 819 595 confertim

125 614 264 687 Fabium
305 617 344 688 ad
385 615 526 689 tribunal
560 616 653 689 suum
682 619 821 707 citavit3

127 721 251 809 (quern
278 734 388 787 tamen
413 716 477 809 jam
500 737 593 787 antea
617 715 740 787 milites
764 712 824 785 bo·
901 715 905 759 ³

128 833 208 881 num
224 813 370 899 animum
395 812 516 884 habere
531 813 707 905 jusserant)
726 833 822 882 cum·

129 932 197 1003 que
212 908 298 980 haud
315 911 411 982 facile
428 912 645 1005 interroganti
668 907 824 980 Dictato·
909 976 915 988 ,

129 1007 179 1094 ri,
204 1031 257 1076 cur
281 1009 389 1108 injuffa
404 1012 492 1097 suo,
524 1013 646 1076 incertia
660 1006 824 1106 auspiciu,

128 1103 340 1202 depugnasset,
367 1102 551 1195 responderi
579 1103 705 1197 poffet,
730 1100 825 1174 iecu-

113 1223 182 1270 ·res
204 1202 352 1296 Papirius
375 1200 411 1270 dt
435 1201 542 1296 virgas
557 1199 706 1295 expediri
716 1197 825 1294 juffit:

130 1295 253 1368 Fabius
278 1297 409 1366 veroin
428 1289 611 1366 eirtremam
628 1297 827 1366 concionem

115 1394 281 1465 -rniiitum
307 1390 337 1463 se
357 1395 483 1489 recepit
503 1409 518 1449 ²
538 1426 549 1478 3
582 1413 681 1489 atque
697 1395 742 1464 ita
755 1413 829 1464 tum

96 1524 99 1529 ·
134 1489 440 1583 deprecationibus,
467 1510 537 1562 tum
559 1489 831 1561 contentionibus

74 1598 79 1602 ’
134 1586 203 1658 dies
227 1586 280 1658 ille
295 1585 526 1691 estextradius.
548 1588 706 1684 Magister
722 1586 830 1684 Equi·
907 1650 912 1677 ,

134 1704 207 1758 turn
235 1681 336 1756 nodio
357 1710 400 1756 ex
425 1685 696 1757 castris'Ronrarn
714 1684 829 1781 profu·

135 1784 208 1882 git,
232 1781 268 1852 ὃ(
287 1806 414 1858 vocato,
432 1784 568 1871 Senatu,
597 1807 674 1855 curn
694 1785 762 1853 vitn
782 1802 832 1854 at·

135 1903 201 1977 que
226 1881 379 1977 injuriam
409 1880 591 1952 Dictatoris
612 1902 833 1977 conrprerere·

136 2000 217 2057 tur.
249 1973 316 2073 ipse
346 1979 494 2072 Papirius
531 1976 670 2047 infensus
702 1977 833 2046 aderat:
922 2022 925 2027 -

126 2097 284 2170 cumque
306 2096 349 2142 ue
374 2074 514 2144 univetfi
537 2073 671 2162 quidem
699 2073 838 2142 Senatus

139 2170 367 2266 deprecationi
390 2171 614 2253 concederet,
648 2185 740 2262 pater
760 2166 839 2236 Ma·

140 2269 234 2366 gistri
257 2265 419 2360 Equitum
449 2266 597 2348 Fabius,
629 2263 689 2362 'qui
709 2281 761 2334 ter
769 2263 839 2359 jam

142 2363 269 2437 Consul
285 2363 642 2462 Dictatorquei'uerat,
666 2359 840 2432 Tribunos

143 2461 251 2556 piebis
273 2462 425 2558 appellat.
467 2462 532 2534 Sed
549 2461 589 2531 ad
609 2457 841 2532 auctoritatem

145 2557 330 2632 Distatoris
345 2558 405 2654 ipsr
415 2559 564 2631 Tribuni
574 2557 764 2654 stupebant:
782 2555 844 2627 do·
902 2645 905 2652 Ι

147 2679 210 2726 nec
238 2655 370 2727 tandem
396 2657 544 2749 Populus
563 2655 737 2726 Romanus
761 2676 844 2723 con·

144 2751 261 2839 sensu,
295 2772 333 2822 ut
355 2750 414 2822 fibi
442 2772 550 2846 poena
570 2751 720 2848 Magistri
739 2750 846 2837 Equi·

145 2869 221 2921 tum
236 2849 481 2932 remitteretur,
500 2848 679 2945 postulavit
714 2861 740 2913 ⁸.
765 2841 847 2914 Tri·

146 2947 231 3020 buni
249 2967 387 3040 quoque
404 2941 669 3016 interceffionern
684 2939 719 3011 in
735 2960 848 3038 preces

492 3040 579 3138 N3
757 3060 851 3114 ren

187 3161 280 3227 azia,
299 3172 330 3228 z.
343 3171 414 3228 VIM,
438 3182 464 3239 c.¹
471 3180 520 3246 35.
