2002 3554
227 166 278 245 40
434 143 740 222 Hraronrr'r·

161 290 167 298 ’
230 309 267 380 in
289 306 471 380 amicitiam
500 307 586 380 Anci
610 309 715 406 Regis
735 304 931 383 interiorem

229 404 382 479 admiffus
396 403 465 494 est3
490 407 536 480 ita
559 426 596 478 ut
611 431 630 475 a
645 406 746 504 Rege
769 407 870 492 etiam
888 409 930 479 li·

230 501 319 574 beris
332 502 393 575 suis
414 523 509 577 tutor
525 503 781 575 constitueretur
797 539 831 579 a.
856 504 931 576 Ex·

230 598 344 695 emplo
364 600 438 672 sane
463 601 628 695 ancipiti,
657 599 681 671 fi
706 599 836 672 homini
860 625 931 673 am·

228 695 377 786 bitioso,
410 695 447 767 &
469 697 604 793 quide-m
633 695 717 782 soli,
748 697 931 772 libemrum

231 794 403 892 regiorum
425 793 528 866 tutela
550 793 802 881 committatur,
826 816 865 868 ut
882 797 932 868 rei

200 893 201 898 ’
232 912 372 965 eventus
385 892 511 964 docuit.
546 891 641 964 Nam
659 891 731 986 pius
746 891 832 990 apud
841 895 931 985 Tar*

83 1794 149 1858 §.u
175 1790 225 1839 or·

45 1926 47 1929 ,
83 1866 153 1923 dinis
170 1880 206 1947 a⁸

82 1939 219 2015 Tarquinio

81 2019 160 2078 auur.

51 3240 190 3343 *x

232 988 386 1088 quinium
407 989 567 1087 regnandi
584 989 737 1086 cupido,
760 1013 859 1085 quam
875 1013 932 1061 ac·
957 990 960 999 '

232 1108 413 1184 ceptorum
429 1089 470 1163 ab
491 1088 591 1164 Anco
606 1085 850 1167 beneficiorum
859 1111 931 1160 mc·

234 1185 342 1258 moria
368 1188 483 1263 valuit.
550 1187 645 1286 Ergo
664 1184 828 1269 {comitiis
860 1187 935 1284 regi

238 1283 385 1373 creando
399 1283 530 1358 indicus
545 1284 604 1356 sub
624 1304 757 1378 tempus
771 1279 789 1339 b
813 1300 935 1379 pueros

238 1396 398 1455 venatum
416 1382 568 1476 ablegat3
593 1378 764 1476 &primus
777 1378 936 1463 ambitio·

235 1478 268 1551 se
282 1504 317 1551 re
344 1503 422 1550 num
439 1479 559 1572 petiit:
592 1495 692 1572 atque
708 1499 787 1549 eum
803 1477 936 1576 ingenti

235 1572 395 1742 cogensu
423 1573 568 1671 Populus
595 1574 775 1649 Romanus
797 1598 937 1674 regnare

231 1694 272 1770 Ju
298 1691 334 1745 rt.
498 1698 501 1706 ·
720 1690 726 1723 ·-

284 1789 313 1856 ς.
331 1769 376 1842 ΙΙ.
402 1768 458 1846 Ut
470 1791 581 1845 autem
597 1793 738 1870 regnum
754 1766 939 1855 fibifirma·

237 1887 290 1940 ret
303 1889 441 1941 centum
457 1893 501 1942 ex
512 1867 755 1942 honestioribus
767 1867 895 1940 civibus
905 1870 940 1939 in

239 1984 347 2062 patres
361 1965 467 2064 legit,
493 1967 673 2040 factionem
699 1965 787 2037 haud
803 1964 939 2037 dubiam

240 2065 364 2165 Regis,
391 2068 484 2165 cujus
498 2063 666 2138 beneficio
683 2068 717 2133 in
735 2060 873 2135 Curiam
880 2087 940 2135 vc·

241 2183 356 2237 nerant
373 2191 381 2237 :
417 2188 501 2263 quae
516 2183 600 2236 artes
624 2158 793 2255 hodieque
809 2161 943 2231 Princi-

242 2261 340 2358 pibus
357 2265 492 2360 ignotae
509 2286 577 2333 non
592 2259 674 2331 sunt.
705 2257 856 2350 Unicum
866 2275 941 2328 tan·

243 2378 318 2431 tum
336 2358 528 2454 exemplum
546 2359 581 2427 in
599 2356 717 2428 resatis
731 2376 810 2429 nota
819 2353 942 2450 allega-

243 2454 353 2527 bimus
368 2459 527 2539 Florentii,
543 2460 641 2548 quinti
657 2477 698 2524 eo
710 2454 845 2525 nomine
853 2451 943 2524 Hol-

242 2551 368 2623 landiae
383 2549 556 2638 Comitis,
587 2553 642 2647 qui
663 2550 686 2621 fi
703 2549 868 2623 credimus
883 2572 945 2622 ve·

245 2650 308 2720 teri
325 2646 439 2719 nostro
465 2649 613 2719 Chronico
632 2647 820 2719 Hailaadiae
835 2651 943 2720 Divis.

246 2768 330 2818 xix.
357 2771 384 2816 c.
403 2767 461 2818 21.
487 2746 700 2844 quadraginta
715 2743 945 2816 ex'honcstio-

243 2842 333 2916 ribus
355 2842 510 2941 agricolis
537 2846 571 2914 in
595 2841 759 2915 nobilium
791 2840 945 2914 ordinem

242 2942 345 3042 legit,
371 2942 490 3039 quibus
517 2936 723 3043 adjutoribus
741 2940 862 3014 horum
881 2962 947 3035 po-

872 3054 947 3133 ten-

242 3155 380 3221 azim.
396 3174 477 3236 a34.
514 3157 590 3221 brb.
607 3164 688 3239 &355
