2002 3554
198 127 351 205 Rurruu.
377 125 706 228 Rouau.Lrn.11.y
764 127 813 224 89

115 289 221 364 additi
241 311 257 353 a
276 302 304 362 :³
324 287 361 357 &
385 290 508 381 iterum
523 289 578 364 alii
599 292 749 389 quinque
767 290 812 366 A.

104 413 202 476 297.
227 389 273 459 ita
286 404 325 458 ut
339 402 411 456 tum
430 383 501 456 bini
518 409 560 458 ex
580 385 712 484 finguiis
729 385 810 460 clas·

117 484 206 557 srbus
221 501 419 554 crearentur.
455 481 637 581 Dionysius
658 484 810 559 Halicar-

114 578 267 652 naffenfis
290 584 331 653 L.
348 577 405 653 VI.
429 606 456 652 c.
474 577 531 667 89.
556 582 703 679 primum
716 579 813 676 quin:

115 700 184 773 que
216 697 342 750 creatos
367 677 479 769 dicit3
510 703 597 752 anno
628 702 711 754 vero
727 697 812 772 297.

117 775 378 871 quiaquantum
393 777 488 851 fuiffe
504 774 661 874 adjeiios.
710 775 728 835 b
752 774 816 847 Ci-

117 894 199 949 cero
211 875 289 951 loco
306 874 411 947 modo
420 876 457 947 in
469 877 619 973 margine
631 874 735 945 citato
742 873 815 968 pri·

114 993 211 1061 mum
232 969 315 1044 duos
334 972 427 1045 fuiffe
442 970 570 1045 creatos
586 972 678 1044 vult:
704 968 814 1064 poste·

116 1091 159 1140 ro
174 1088 288 1141 aurem
305 1091 393 1139 anno
409 1067 575 1162 auspicato
592 1066 740 1138 comitiis
755 1088 816 1136 cu·

115 1164 212 1236 riatis
226 1163 368 1243 decem:
400 1162 439 1234 ad
462 1188 562 1260 quem
585 1163 699 1234 locum
715 1162 815 1234 etiam

83 1349 89 1359 ι
113 1260 224 1333 videri
243 1260 351 1357 potest
368 1261 537 1352 Asconius.
568 1256 729 1332 Tribunis
744 1258 815 1353 ple·

114 1358 167 1429 bis
187 1356 256 1430 duo
282 1360 345 1432 viri
368 1359 506 1433 fuerunt
533 1356 637 1430 additi
652 1350 743 1452 quafi
760 1354 817 1427 ad·

115 1455 288 1547 ministri,
321 1456 399 1554 qui,
422 1456 636 1553 quodetiam
654 1455 819 1548 sacram

114 1552 239 1622 aedium
253 1575 367 1625 curam
383 1574 567 1651 gererent,
600 1551 733 1624 Aediles
744 1547 819 1622 sunt

116 1646 199 1721 dieii
216 1664 247 1722 c.
265 1671 268 1675 ’
296 1656 343 1723 Ita
361 1674 442 1750 pace
468 1653 503 1726 in
519 1649 616 1750 Urbe
641 1665 733 1746 parta
750 1651 817 1735 Po·
894 1697 897 1705 .

110 1747 231 1842 flumas
255 1754 407 1843 Cominius
432 1748 560 1824 Consul
583 1753 754 1847 Longulam
779 1746 815 1818 ἃ

118 1849 284 1937 Poluscom
307 1846 508 1923 Volscorum
540 1846 636 1920 urbes
659 1847 752 1937 cepit
768 1845 815 1915 d:

119 1945 235 2013 Corioli
246 1967 348 2033 vero,
371 1965 473 2040 caput
490 1945 618 2041 gentis,
642 1944 718 2038 post
729 1956 820 2011 acres

119 2061 248 2137 pugnas
264 2041 388 2112 virtute
405 2043 549 2112 maxime
564 2047 602 2111 c.
621 2041 750 2110 Marcii
765 2038 821 2105 vi·

124 2136 153 2206 ri
169 2138 299 2231 patricii
316 2137 502 2232 expugnati
518 2135 613 2222 sunt,
636 2134 694 2228 qui
710 2130 742 2200 se
760 2130 821 2201 sta-

119 2233 185 2305 tim
200 2231 363 2313 Postumo
378 2256 455 2303 cum
464 2229 655 2303 Antiatibus
663 2225 823 2325 praelian-

119 2332 149 2403 ti
174 2331 310 2426 junxit3
342 2329 377 2401 &
401 2326 597 2403 fortitudine
618 2326 672 2399 sua
697 2324 822 2420 praeci-

119 2449 208 2520 puus
224 2424 382 2500 vifiioriae
407 2426 523 2503 auiior
544 2423 630 2498 fuit:
664 2447 702 2496 ac
716 2427 824 2494 Corio-

121 2525 209 2593 lanus
230 2523 388 2622 deinceps
402 2526 607 2625 cognomine
621 2524 669 2610 est
691 2521 824 2606 dinus,

124 2628 210 2692 cum·
231 2640 324 2696 antea
349 2648 368 2695 a
391 2623 537 2708 Consule
566 2647 628 2721 pro
657 2623 823 2695 concione

121 2715 272 2792 laudatus
294 2720 459 2795 decimam
486 2723 587 2794 etiam
621 2739 747 2818 partem
779 2713 823 2784 de

448 2817 525 2913 F‚5
728 2818 824 2907 prae·
874 2839 877 2843 ·

120 2977 213 3038 auid.
233 2977 317 3053 Pighii
334 2975 436 3046 Annei.
454 2975 490 3032 ad
505 2972 573 3033 haine
589 2991 697 3030 annum.
735 2971 753 3033 b
770 2972 827 3032 ua.

159 3055 234 3116 eund.
253 3057 331 3113 mon.
349 3062 518 3136 nonme.
555 3049 627 3112 eid.
644 3057 735 3114 ΜΛ
752 3068 826 3130 nuo.
944 3110 947 3117 ,
984 3104 987 3111 ,

135 3117 180 3192 ’ἀ
198 3131 236 3194 lb.
253 3145 334 3207 ιρι.
422 3156 425 3161 ·
