2002 3554
178 148 250 246 478
399 137 720 217 Hirro-nra

179 304 358 393 aedificiis,
383 325 467 400 quae
485 326 583 375 muro
599 303 773 398 proxima
789 324 892 399 erant,

179 400 320 475 inccnfis
338 399 493 475 recedere
504 401 711 497 cuigerunt.
740 405 889 499 Tamen,

180 525 262 574 cum
286 501 334 573 rei
358 499 488 574 exitum
514 517 527 569 t
552 521 673 570 rannus
688 501 829 575 nullum
843 505 889 575 vi·

179 599 292 685 deret,
316 598 443 696 legatos
461 597 508 668 mi
537 619 573 683 ις
599 595 637 667 &
661 619 886 692 pacem-con·

181 695 383 779 ditionibus,
415 717 501 791 quae
529 697 644 790 paucis
665 714 750 768 ante
773 696 886 770 diebus

84 868 87 875 ,
183 795 292 867 editae
305 811 424 878 erant,
458 793 652 890 impetravit
678 807 707 864 θ.
764 796 882 894 Argivi

180 911 322 973 tamen.
344 889 426 962 dum
448 890 626 988 Tyrannus
643 913 881 990 oppugnatur,

184 987 383 1085 praefidium
423 988 494 1083 ejus
517 984 749 1086 expulerunt3
784 989 822 1067 &
851 991 882 1061 in

180 1109 365 1158 commune
382 1085 531 1182 Achajae
545 1085 737 1158 concilium
754 1087 881 1159 restitu-

116 1212 120 1219 ·
183 1185 212 1256 ti
234 1181 319 1256 sunt.
357 1186 462 1257 Anno
479 1185 577 1257 etiam
594 1181 756 1280 sequente
773 1184 880 1275 Qrin·

183 1279 270 1354 &tius
295 1281 402 1354 multa
427 1281 595 1379 Philippi,
619 1301 677 1357 aut
693 1281 879 1380 legatorum

182 1381 254 1474 ejus
268 1379 402 1451 licentia
418 1401 574 1477 corrupta
584 1378 737 1452 restituit
757 1379 776 1438 b
796 1408 806 1452 :
832 1398 880 1453 at·

182 1501 250 1572 que
273 1478 319 1548 ita
346 1486 417 1549 tota
440 1476 584 1551 Graecia
599 1475 759 1563 liberata,
786 1484 879 1566 (nam

182 1573 314 1647 Nabidi
338 1575 424 1646 vires
445 1575 485 1647 ad
502 1574 693 1647 nocendum
709 1574 880 1672 ademptae

182 1676 301 1759 erant)
345 1656 547 1769 captivisque
587 1671 766 1770 plurimis,
800 1692 879 1768 quor

184 1767 357 1841 Hannibal
381 1771 417 1839 in
441 1768 619 1843 Graeciam
638 1768 752 1842 miffos
767 1765 878 1839 vendi·

184 1865 293 1947 derat,
317 1865 459 1961 receptis
467 1866 615 1939 Romam
624 1864 877 1962 reversursplen·

185 1961 388 2034 didiffimum
401 1964 613 2058 triumphum
630 1968 704 2064 egit
730 1981 757 2037 ⁰.

27 2080 108 2144 §.roi
119 2071 175 2132 nai
235 2073 264 2148 §.
278 2061 328 2135 X.
353 2064 449 2132 Dum
466 2060 590 2134 haecin
606 2064 879 2160 Graeciagerun·

27 2158 153 2241 ΜΞΝ
189 2180 245 2233 tur
261 2162 297 2231 in
316 2161 426 2233 Gallia
443 2161 542 2231 etiam
561 2159 597 2232 ὅ(
613 2161 777 2257 Hispania
785 2157 878 2230 belia·

27 2229 155 2319 ΨΜ
187 2277 260 2330 tum
278 2256 361 2330 fuit:
387 2257 423 2329 &
440 2258 878 2355 annoquidemquingente·

25 2307 153 2381 ”sm
186 2355 271 2428 fimo
310 2354 586 2451 quinquagefimo
624 2354 719 2428 sexto
750 2355 878 2448 utrique

184 2450 322 2524 consuli
343 2453 617 2546 ltaliaprovincia
629 2451 765 2524 decreta
776 2449 825 2521 est
851 2446 878 2518 d.

183 2549 241 2620 Eo
275 2573 362 2619 anno
390 2573 473 2644 ergo
498 2550 662 2619 Minucius
674 2547 803 2622 Consul
820 2546 878 2619 Li·

182 2667 304 2742 gurum
327 2646 478 2717 civitates
502 2648 668 2743 plerasque
684 2649 720 2718 in
738 2645 881 2719 deditio·

181 2766 259 2815 nem
288 2747 441 2841 accepit:
467 2747 528 2813 Ti.
548 2746 769 2841 Sempronius
784 2743 881 2813 Lon-

181 2864 245 2938 gus
258 2865 360 2932 vcro,
383 2866 461 2914 cum
471 2837 877 2941 Cenomanosnonpubli·

835 2955 879 3002 co

220 3083 237 3122 a
256 3069 319 3158 rbid.
337 3092 357 3130 a
369 3091 416 3146 40.
452 3074 471 3131 b
490 3078 552 3137 uid.
572 3077 646 3155 c.48.
691 3095 708 3141 c
728 3075 794 3142 uid.
809 3094 885 3159 ⁶·52·

222 3138 242 3201 d
260 3145 325 3208 lbra.
343 3156 493 3215 amu.
507 3153 584 3217 038.
