<?xml version="1.0" encoding="UTF-8"?>
<!DOCTYPE html PUBLIC "-//W3C//DTD XHTML 1.0 Transitional//EN"
    "http://www.w3.org/TR/xhtml1/DTD/xhtml1-transitional.dtd">
<html xmlns="http://www.w3.org/1999/xhtml" xml:lang="en" lang="en">
 <head>
  <title>
</title>
<meta http-equiv="Content-Type" content="text/html;charset=utf-8" />
  <meta name='ocr-system' content='tesseract 3.04.00' />
  <meta name='ocr-capabilities' content='ocr_page ocr_carea ocr_par ocr_line ocrx_word'/>
</head>
<body>
  <div class='ocr_page' id='page_1' title='image "./historiareipubl00nieugoog/historiareipubl00nieugoog_0145.png"; bbox 0 0 2002 3554; ppageno 0'>
   <div class='ocr_carea' id='block_1_1' title="bbox 190 136 713 245">
    <p class='ocr_par' dir='ltr' id='par_1_1' title="bbox 190 136 713 245">
     <span class='ocr_line' id='line_1_1' title="bbox 190 136 713 245; baseline -0.013 -28"><span class='ocrx_word' id='word_1_1' title='bbox 190 160 241 245; x_wconf 72' lang='lat'>52</span> <span class='ocrx_word' id='word_1_2' title='bbox 399 136 713 213; x_wconf 77' lang='lat' dir='ltr'>Hirrottrn</span> 
     </span>
    </p>
   </div>
   <div class='ocr_carea' id='block_1_2' title="bbox 164 293 933 3197">
    <p class='ocr_par' dir='ltr' id='par_1_2' title="bbox 177 293 933 2543">
     <span class='ocr_line' id='line_1_2' title="bbox 191 293 902 399; baseline -0.003 -22"><span class='ocrx_word' id='word_1_3' title='bbox 191 303 270 393; x_wconf 90' lang='lat' dir='ltr'>set,</span> <span class='ocrx_word' id='word_1_4' title='bbox 299 316 338 374; x_wconf 88' lang='lat' dir='ltr'>ut</span> <span class='ocrx_word' id='word_1_5' title='bbox 353 298 398 373; x_wconf 91' lang='lat' dir='ltr'>ita</span> <span class='ocrx_word' id='word_1_6' title='bbox 424 298 553 399; x_wconf 87' lang='lat' dir='ltr'>semper</span> <span class='ocrx_word' id='word_1_7' title='bbox 571 293 902 375; x_wconf 72' lang='lat' dir='ltr'>occurrentibusre·</span> 
     </span>
     <span class='ocr_line' id='line_1_3' title="bbox 194 396 925 494; baseline -0.001 -20"><span class='ocrx_word' id='word_1_8' title='bbox 194 396 257 474; x_wconf 76' lang='lat' dir='ltr'>bui</span> <span class='ocrx_word' id='word_1_9' title='bbox 272 396 352 473; x_wconf 85' lang='lat' dir='ltr'>scire</span> <span class='ocrx_word' id='word_1_10' title='bbox 377 398 494 483; x_wconf 83' lang='lat' dir='ltr'>liceret</span> <span class='ocrx_word' id='word_1_11' title='bbox 512 398 539 483; x_wconf 84' lang='lat'>·,&#39;</span> <span class='ocrx_word' id='word_1_12' title='bbox 560 398 615 469; x_wconf 92' lang='lat' dir='ltr'>cui</span> <span class='ocrx_word' id='word_1_13' title='bbox 631 397 668 469; x_wconf 89' lang='lat'>&amp;</span> <span class='ocrx_word' id='word_1_14' title='bbox 685 417 826 494; x_wconf 90' lang='lat' dir='ltr'>quantae</span> <span class='ocrx_word' id='word_1_15' title='bbox 849 400 925 473; x_wconf 71' lang='lat' dir='ltr'>rei-³</span> 
     </span>
     <span class='ocr_line' id='line_1_4' title="bbox 193 492 899 592; baseline 0.003 -23"><span class='ocrx_word' id='word_1_16' title='bbox 193 499 281 570; x_wconf 84' lang='lat' dir='ltr'>vires</span> <span class='ocrx_word' id='word_1_17' title='bbox 313 493 535 592; x_wconf 81' lang='lat' dir='ltr'>Reipublicae</span> <span class='ocrx_word' id='word_1_18' title='bbox 567 492 761 567; x_wconf 67' lang='lat' dir='ltr'>suffetiurae</span> <span class='ocrx_word' id='word_1_19' title='bbox 783 494 899 573; x_wconf 80' lang='lat' dir='ltr'>effent.</span> 
     </span>
     <span class='ocr_line' id='line_1_5' title="bbox 193 591 899 694; baseline -0.014 -25"><span class='ocrx_word' id='word_1_20' title='bbox 193 594 291 694; x_wconf 86' lang='lat' dir='ltr'>Ergo</span> <span class='ocrx_word' id='word_1_21' title='bbox 303 591 414 689; x_wconf 74' lang='lat' dir='ltr'>jussit,</span> <span class='ocrx_word' id='word_1_22' title='bbox 438 611 477 663; x_wconf 91' lang='lat' dir='ltr'>ut</span> <span class='ocrx_word' id='word_1_23' title='bbox 491 614 608 663; x_wconf 86' lang='lat' dir='ltr'>ornnes</span> <span class='ocrx_word' id='word_1_24' title='bbox 624 592 731 678; x_wconf 90' lang='lat' dir='ltr'>cives,</span> <span class='ocrx_word' id='word_1_25' title='bbox 760 591 826 665; x_wconf 89' lang='lat' dir='ltr'>srve</span> <span class='ocrx_word' id='word_1_26' title='bbox 844 594 899 667; x_wconf 68' lang='lat' dir='ltr'>in·</span> 
     </span>
     <span class='ocr_line' id='line_1_6' title="bbox 192 687 933 783; baseline 0 -18"><span class='ocrx_word' id='word_1_27' title='bbox 192 711 273 780; x_wconf 88' lang='lat' dir='ltr'>tra,</span> <span class='ocrx_word' id='word_1_28' title='bbox 306 691 373 765; x_wconf 78' lang='lat' dir='ltr'>srue</span> <span class='ocrx_word' id='word_1_29' title='bbox 397 706 492 760; x_wconf 83' lang='lat' dir='ltr'>extra</span> <span class='ocrx_word' id='word_1_30' title='bbox 516 687 649 763; x_wconf 83' lang='lat' dir='ltr'><strong>Urbem</strong></span> <span class='ocrx_word' id='word_1_31' title='bbox 673 689 866 765; x_wconf 82' lang='lat' dir='ltr'>habitarent</span> <span class='ocrx_word' id='word_1_32' title='bbox 881 704 933 783; x_wconf 59' lang='lat' dir='ltr'>s,-</span> 
     </span>
     <span class='ocr_line' id='line_1_7' title="bbox 197 785 928 883; baseline -0.007 -20"><span class='ocrx_word' id='word_1_33' title='bbox 197 790 287 863; x_wconf 90' lang='lat' dir='ltr'>bona</span> <span class='ocrx_word' id='word_1_34' title='bbox 301 785 354 859; x_wconf 87' lang='lat' dir='ltr'>sua</span> <span class='ocrx_word' id='word_1_35' title='bbox 368 787 470 883; x_wconf 88' lang='lat' dir='ltr'>jurati</span> <span class='ocrx_word' id='word_1_36' title='bbox 484 789 656 877; x_wconf 72' lang='lat' dir='ltr'>censerent,</span> <span class='ocrx_word' id='word_1_37' title='bbox 682 787 748 859; x_wconf 91' lang='lat' dir='ltr'>hoc</span> <span class='ocrx_word' id='word_1_38' title='bbox 760 786 828 874; x_wconf 88' lang='lat' dir='ltr'>est,</span> <span class='ocrx_word' id='word_1_39' title='bbox 843 814 897 858; x_wconf 81' lang='lat' dir='ltr'>ae·</span> <span class='ocrx_word' id='word_1_40' title='bbox 923 858 928 873; x_wconf 81' lang='grc'><em>,</em></span> 
     </span>
     <span class='ocr_line' id='line_1_8' title="bbox 183 883 897 982; baseline 0.001 -27"><span class='ocrx_word' id='word_1_41' title='bbox 183 886 370 981; x_wconf 76' lang='lat' dir='ltr'>flimarent:</span> <span class='ocrx_word' id='word_1_42' title='bbox 403 883 493 982; x_wconf 92' lang='lat' dir='ltr'>quod</span> <span class='ocrx_word' id='word_1_43' title='bbox 516 908 579 981; x_wconf 89' lang='lat' dir='ltr'>qua</span> <span class='ocrx_word' id='word_1_44' title='bbox 600 884 728 957; x_wconf 89' lang='lat' dir='ltr'>ratione</span> <span class='ocrx_word' id='word_1_45' title='bbox 745 883 897 956; x_wconf 86' lang='lat' dir='ltr'>fieride·</span> 
     </span>
     <span class='ocr_line' id='line_1_9' title="bbox 193 979 896 1078; baseline -0.003 -21"><span class='ocrx_word' id='word_1_46' title='bbox 193 983 287 1057; x_wconf 86' lang='lat' dir='ltr'>beret</span> <span class='ocrx_word' id='word_1_47' title='bbox 304 981 466 1078; x_wconf 88' lang='lat' dir='ltr'>exempio</span> <span class='ocrx_word' id='word_1_48' title='bbox 485 1004 528 1053; x_wconf 87' lang='lat' dir='ltr'>ex</span> <span class='ocrx_word' id='word_1_49' title='bbox 547 982 681 1077; x_wconf 89' lang='lat' dir='ltr'>praedio</span> <span class='ocrx_word' id='word_1_50' title='bbox 697 981 819 1054; x_wconf 89' lang='lat' dir='ltr'>rustico</span> <span class='ocrx_word' id='word_1_51' title='bbox 834 979 896 1055; x_wconf 85' lang='lat' dir='ltr'>de·</span> 
     </span>
     <span class='ocr_line' id='line_1_10' title="bbox 192 1076 895 1176; baseline -0.003 -24"><span class='ocrx_word' id='word_1_52' title='bbox 192 1082 326 1176; x_wconf 84' lang='lat' dir='ltr'>sumpto</span> <span class='ocrx_word' id='word_1_53' title='bbox 347 1077 491 1153; x_wconf 82' lang='lat' dir='ltr'>ostendit</span> <span class='ocrx_word' id='word_1_54' title='bbox 524 1082 564 1149; x_wconf 83' lang='lat' dir='ltr'>Ul</span> <span class='ocrx_word' id='word_1_55' title='bbox 582 1087 668 1151; x_wconf 80' lang='lat' dir='ltr'>ianus&#39;</span> <span class='ocrx_word' id='word_1_56' title='bbox 687 1081 713 1153; x_wconf 80' lang='grc' dir='ltr'>Ι.</span> <span class='ocrx_word' id='word_1_57' title='bbox 738 1100 773 1176; x_wconf 81' lang='lat'>4.</span> <span class='ocrx_word' id='word_1_58' title='bbox 791 1076 827 1175; x_wconf 83' lang='lat' dir='ltr'>ff.</span> <span class='ocrx_word' id='word_1_59' title='bbox 852 1080 895 1150; x_wconf 76' lang='lat' dir='ltr'>de</span> 
     </span>
     <span class='ocr_line' id='line_1_11' title="bbox 193 1103 897 1274; baseline 0 -24"><span class='ocrx_word' id='word_1_60' title='bbox 193 1179 332 1274; x_wconf 76' lang='lat' dir='ltr'>cenfibas‚</span> <span class='ocrx_word' id='word_1_61' title='bbox 367 1180 472 1252; x_wconf 91' lang='lat' dir='ltr'>Hunc</span> <span class='ocrx_word' id='word_1_62' title='bbox 490 1103 643 1269; x_wconf 65' lang='lat' dir='ltr'>centium,</span> <span class='ocrx_word' id='word_1_63' title='bbox 667 1201 704 1249; x_wconf 93' lang='lat' dir='ltr'>ac</span> <span class='ocrx_word' id='word_1_64' title='bbox 723 1176 818 1249; x_wconf 87' lang='lat' dir='ltr'>fimul</span> <span class='ocrx_word' id='word_1_65' title='bbox 832 1198 897 1250; x_wconf 84' lang='lat' dir='ltr'>no·</span> 
     </span>
     <span class='ocr_line' id='line_1_12' title="bbox 192 1273 897 1364; baseline -0.004 -15"><span class='ocrx_word' id='word_1_66' title='bbox 192 1275 344 1351; x_wconf 87' lang='lat' dir='ltr'>mina&amp;</span> <span class='ocrx_word' id='word_1_67' title='bbox 369 1300 543 1348; x_wconf 89' lang='lat' dir='ltr'>numerum</span> <span class='ocrx_word' id='word_1_68' title='bbox 572 1298 742 1364; x_wconf 88' lang='lat' dir='ltr'>uxorum,</span> <span class='ocrx_word' id='word_1_69' title='bbox 768 1273 897 1346; x_wconf 88' lang='lat' dir='ltr'>libero·</span> 
     </span>
     <span class='ocr_line' id='line_1_13' title="bbox 191 1368 893 1461; baseline -0.006 -13"><span class='ocrx_word' id='word_1_70' title='bbox 191 1399 268 1448; x_wconf 87' lang='lat' dir='ltr'>rum</span> <span class='ocrx_word' id='word_1_71' title='bbox 284 1374 451 1446; x_wconf 84' lang='lat' dir='ltr'>servorum</span> <span class='ocrx_word' id='word_1_72' title='bbox 463 1395 502 1443; x_wconf 92' lang='lat' dir='ltr'>ac</span> <span class='ocrx_word' id='word_1_73' title='bbox 516 1373 734 1461; x_wconf 86' lang='lat' dir='ltr'>libertorum,</span> <span class='ocrx_word' id='word_1_74' title='bbox 761 1368 893 1444; x_wconf 75' lang='lat' dir='ltr'>&amp;subm</span> 
     </span>
     <span class='ocr_line' id='line_1_14' title="bbox 193 1467 895 1564; baseline -0.006 -20"><span class='ocrx_word' id='word_1_75' title='bbox 193 1472 442 1564; x_wconf 83' lang='lat' dir='ltr'>liberorumque</span> <span class='ocrx_word' id='word_1_76' title='bbox 459 1485 628 1558; x_wconf 87' lang='lat' dir='ltr'>aetatem,</span> <span class='ocrx_word' id='word_1_77' title='bbox 654 1470 734 1540; x_wconf 88' lang='lat' dir='ltr'>item</span> <span class='ocrx_word' id='word_1_78' title='bbox 753 1467 895 1541; x_wconf 83' lang='lat' dir='ltr'>domici·</span> 
     </span>
     <span class='ocr_line' id='line_1_15' title="bbox 192 1564 894 1662; baseline 0 -22"><span class='ocrx_word' id='word_1_79' title='bbox 192 1569 229 1640; x_wconf 91' lang='lat' dir='ltr'>lii</span> <span class='ocrx_word' id='word_1_80' title='bbox 245 1568 357 1638; x_wconf 86' lang='lat' dir='ltr'>iocum</span> <span class='ocrx_word' id='word_1_81' title='bbox 374 1565 575 1640; x_wconf 82' lang='lat' dir='ltr'>indicarent:</span> <span class='ocrx_word' id='word_1_82' title='bbox 610 1568 668 1662; x_wconf 91' lang='lat' dir='ltr'>qui</span> <span class='ocrx_word' id='word_1_83' title='bbox 684 1566 771 1639; x_wconf 88' lang='lat' dir='ltr'>secus</span> <span class='ocrx_word' id='word_1_84' title='bbox 793 1564 894 1640; x_wconf 82' lang='lat' dir='ltr'>fecis·</span> 
     </span>
     <span class='ocr_line' id='line_1_16' title="bbox 189 1661 895 1761; baseline -0.006 -26"><span class='ocrx_word' id='word_1_85' title='bbox 189 1661 280 1743; x_wconf 79' lang='lat' dir='ltr'>sent,</span> <span class='ocrx_word' id='word_1_86' title='bbox 306 1682 423 1735; x_wconf 82' lang='lat' dir='ltr'>eorum</span> <span class='ocrx_word' id='word_1_87' title='bbox 441 1661 528 1736; x_wconf 87' lang='lat' dir='ltr'>bona</span> <span class='ocrx_word' id='word_1_88' title='bbox 546 1662 813 1760; x_wconf 81' lang='lat' dir='ltr'>publicarentur,</span> <span class='ocrx_word' id='word_1_89' title='bbox 837 1665 895 1761; x_wconf 77' lang='lat' dir='ltr'>ip.</span> 
     </span>
     <span class='ocr_line' id='line_1_17' title="bbox 190 1759 893 1856; baseline 0.001 -24"><span class='ocrx_word' id='word_1_90' title='bbox 190 1759 283 1854; x_wconf 86' lang='lat' dir='ltr'>{ique</span> <span class='ocrx_word' id='word_1_91' title='bbox 298 1763 400 1856; x_wconf 87' lang='lat' dir='ltr'>virgis</span> <span class='ocrx_word' id='word_1_92' title='bbox 416 1760 499 1833; x_wconf 88' lang='lat' dir='ltr'>caesr</span> <span class='ocrx_word' id='word_1_93' title='bbox 516 1761 800 1846; x_wconf 78' lang='lat' dir='ltr'>venundarentur,</span> <span class='ocrx_word' id='word_1_94' title='bbox 817 1780 893 1833; x_wconf 84' lang='lat' dir='ltr'>tan·</span> 
     </span>
     <span class='ocr_line' id='line_1_18' title="bbox 191 1856 893 1957; baseline 0.004 -29"><span class='ocrx_word' id='word_1_95' title='bbox 191 1880 292 1954; x_wconf 87' lang='lat' dir='ltr'>quam</span> <span class='ocrx_word' id='word_1_96' title='bbox 316 1856 429 1953; x_wconf 70' lang='lat' dir='ltr'>quise</span> <span class='ocrx_word' id='word_1_97' title='bbox 451 1860 537 1955; x_wconf 89' lang='lat' dir='ltr'>ipsos</span> <span class='ocrx_word' id='word_1_98' title='bbox 561 1859 713 1933; x_wconf 87' lang='lat' dir='ltr'>libertate</span> <span class='ocrx_word' id='word_1_99' title='bbox 735 1858 893 1957; x_wconf 80' lang='lat' dir='ltr'>indignos</span> 
     </span>
     <span class='ocr_line' id='line_1_19' title="bbox 184 1951 891 2052; baseline 0.004 -26"><span class='ocrx_word' id='word_1_100' title='bbox 184 1954 395 2043; x_wconf 69' lang='lat' dir='ltr'>judicassent</span> <span class='ocrx_word' id='word_1_101' title='bbox 455 1955 537 2030; x_wconf 88' lang='lat' dir='ltr'>inde</span> <span class='ocrx_word' id='word_1_102' title='bbox 570 1951 685 2031; x_wconf 81' lang='lat' dir='ltr'>¹omnes</span> <span class='ocrx_word' id='word_1_103' title='bbox 713 1958 811 2028; x_wconf 88' lang='lat' dir='ltr'>cives.</span> <span class='ocrx_word' id='word_1_104' title='bbox 827 1980 891 2052; x_wconf 92' lang='lat' dir='ltr'>pro</span> 
     </span>
     <span class='ocr_line' id='line_1_20' title="bbox 177 2051 888 2141; baseline 0.007 -21"><span class='ocrx_word' id='word_1_105' title='bbox 177 2053 320 2126; x_wconf 85' lang='lat' dir='ltr'>¹ratione</span> <span class='ocrx_word' id='word_1_106' title='bbox 335 2051 491 2128; x_wconf 85' lang='lat' dir='ltr'>censusin</span> <span class='ocrx_word' id='word_1_107' title='bbox 506 2054 562 2126; x_wconf 86' lang='lat' dir='ltr'>sex</span> <span class='ocrx_word' id='word_1_108' title='bbox 578 2053 699 2125; x_wconf 82' lang='lat' dir='ltr'>Claffes</span> <span class='ocrx_word' id='word_1_109' title='bbox 709 2051 888 2141; x_wconf 73' lang='lat' dir='ltr'>distribuit3</span> 
     </span>
     <span class='ocr_line' id='line_1_21' title="bbox 192 2149 892 2246; baseline -0.001 -23"><span class='ocrx_word' id='word_1_110' title='bbox 192 2173 276 2246; x_wconf 89' lang='lat' dir='ltr'>quae</span> <span class='ocrx_word' id='word_1_111' title='bbox 302 2155 410 2225; x_wconf 87' lang='lat' dir='ltr'>rursus</span> <span class='ocrx_word' id='word_1_112' title='bbox 435 2156 470 2224; x_wconf 92' lang='lat' dir='ltr'>in</span> <span class='ocrx_word' id='word_1_113' title='bbox 497 2152 672 2225; x_wconf 88' lang='lat' dir='ltr'>Centurias</span> <span class='ocrx_word' id='word_1_114' title='bbox 695 2169 787 2223; x_wconf 87' lang='lat' dir='ltr'>erant</span> <span class='ocrx_word' id='word_1_115' title='bbox 803 2149 892 2222; x_wconf 87' lang='lat' dir='ltr'>divi·</span> 
     </span>
     <span class='ocr_line' id='line_1_22' title="bbox 191 2245 889 2345; baseline 0.004 -28"><span class='ocrx_word' id='word_1_116' title='bbox 191 2248 241 2319; x_wconf 86' lang='lat' dir='ltr'>sae</span> <span class='ocrx_word' id='word_1_117' title='bbox 258 2300 268 2332; x_wconf 88' lang='lat'><strong>,</strong></span> <span class='ocrx_word' id='word_1_118' title='bbox 302 2269 340 2323; x_wconf 91' lang='lat' dir='ltr'>ut</span> <span class='ocrx_word' id='word_1_119' title='bbox 356 2274 401 2323; x_wconf 89' lang='lat' dir='ltr'>ex</span> <span class='ocrx_word' id='word_1_120' title='bbox 419 2249 528 2323; x_wconf 85' lang='lat' dir='ltr'>tabula</span> <span class='ocrx_word' id='word_1_121' title='bbox 549 2249 605 2319; x_wconf 91' lang='lat' dir='ltr'>hic</span> <span class='ocrx_word' id='word_1_122' title='bbox 620 2246 735 2344; x_wconf 67' lang='lat' dir='ltr'>junbia</span> <span class='ocrx_word' id='word_1_123' title='bbox 750 2245 889 2345; x_wconf 86' lang='lat' dir='ltr'>perspici</span> 
     </span>
     <span class='ocr_line' id='line_1_23' title="bbox 191 2344 890 2440; baseline 0.001 -24"><span class='ocrx_word' id='word_1_124' title='bbox 191 2344 313 2440; x_wconf 89' lang='lat' dir='ltr'>potest.</span> <span class='ocrx_word' id='word_1_125' title='bbox 363 2346 410 2417; x_wconf 92' lang='lat' dir='ltr'>Et</span> <span class='ocrx_word' id='word_1_126' title='bbox 432 2347 592 2436; x_wconf 75' lang='lat' dir='ltr'>licerium</span> <span class='ocrx_word' id='word_1_127' title='bbox 616 2348 650 2416; x_wconf 88' lang='lat' dir='ltr'>in</span> <span class='ocrx_word' id='word_1_128' title='bbox 676 2345 769 2437; x_wconf 70' lang='lat' dir='ltr'>nestro</span> <span class='ocrx_word' id='word_1_129' title='bbox 784 2348 890 2417; x_wconf 75' lang='lat' dir='ltr'>Anti·</span> 
     </span>
     <span class='ocr_line' id='line_1_24' title="bbox 192 2443 890 2543; baseline 0.006 -36"><span class='ocrx_word' id='word_1_130' title='bbox 192 2446 339 2534; x_wconf 77' lang='lat' dir='ltr'>quitatum</span> <span class='ocrx_word' id='word_1_131' title='bbox 362 2446 449 2511; x_wconf 82' lang='lat' dir='ltr'><em>Rom.</em></span> <span class='ocrx_word' id='word_1_132' title='bbox 474 2445 657 2538; x_wconf 78' lang='lat' dir='ltr'>Compendio</span> <span class='ocrx_word' id='word_1_133' title='bbox 676 2443 751 2513; x_wconf 60' lang='lat' dir='ltr'>Seri.</span> <span class='ocrx_word' id='word_1_134' title='bbox 766 2450 796 2513; x_wconf 87' lang='lat' dir='ltr'>J.</span> <span class='ocrx_word' id='word_1_135' title='bbox 821 2462 890 2543; x_wconf 80' lang='lat' dir='ltr'>cap.</span> 
     </span>
    </p>

    <p class='ocr_par' dir='ltr' id='par_1_3' title="bbox 164 2536 913 3197">
     <span class='ocr_line' id='line_1_25' title="bbox 164 2536 890 2636; baseline 0.011 -31"><span class='ocrx_word' id='word_1_136' title='bbox 164 2572 167 2577; x_wconf 94' lang='lat'><em>·</em></span> <span class='ocrx_word' id='word_1_137' title='bbox 188 2559 222 2630; x_wconf 84' lang='lat'>7.</span> <span class='ocrx_word' id='word_1_138' title='bbox 249 2536 278 2629; x_wconf 85' lang='lat'>§.</span> <span class='ocrx_word' id='word_1_139' title='bbox 297 2562 333 2609; x_wconf 71' lang='lat'>2.</span> <span class='ocrx_word' id='word_1_140' title='bbox 362 2539 480 2610; x_wconf 81' lang='lat' dir='ltr'>cauffas</span> <span class='ocrx_word' id='word_1_141' title='bbox 496 2540 596 2636; x_wconf 86' lang='lat' dir='ltr'>hujus</span> <span class='ocrx_word' id='word_1_142' title='bbox 621 2540 763 2613; x_wconf 87' lang='lat' dir='ltr'>instituti</span> <span class='ocrx_word' id='word_1_143' title='bbox 777 2564 890 2613; x_wconf 87' lang='lat' dir='ltr'>narra·</span> 
     </span>
     <span class='ocr_line' id='line_1_26' title="bbox 189 2633 891 2733; baseline 0.014 -30"><span class='ocrx_word' id='word_1_144' title='bbox 189 2633 336 2705; x_wconf 86' lang='lat' dir='ltr'>verimus</span> <span class='ocrx_word' id='word_1_145' title='bbox 351 2658 470 2730; x_wconf 83' lang='lat' dir='ltr'>operae</span> <span class='ocrx_word' id='word_1_146' title='bbox 487 2657 598 2710; x_wconf 88' lang='lat' dir='ltr'>tamen</span> <span class='ocrx_word' id='word_1_147' title='bbox 621 2640 764 2733; x_wconf 88' lang='lat' dir='ltr'>pretium</span> <span class='ocrx_word' id='word_1_148' title='bbox 787 2637 891 2713; x_wconf 89' lang='lat' dir='ltr'>fuerit</span> 
     </span>
     <span class='ocr_line' id='line_1_27' title="bbox 188 2728 890 2828; baseline 0.009 -29"><span class='ocrx_word' id='word_1_149' title='bbox 188 2728 288 2824; x_wconf 89' lang='lat' dir='ltr'>paulo</span> <span class='ocrx_word' id='word_1_150' title='bbox 304 2730 398 2802; x_wconf 88' lang='lat' dir='ltr'>iatius</span> <span class='ocrx_word' id='word_1_151' title='bbox 412 2733 470 2806; x_wconf 93' lang='lat' dir='ltr'>hic</span> <span class='ocrx_word' id='word_1_152' title='bbox 486 2758 525 2806; x_wconf 86' lang='lat' dir='ltr'>ea</span> <span class='ocrx_word' id='word_1_153' title='bbox 546 2756 696 2828; x_wconf 88' lang='lat' dir='ltr'>repetere</span> <span class='ocrx_word' id='word_1_154' title='bbox 712 2786 722 2818; x_wconf 89' lang='lat'><strong>‚</strong></span> <span class='ocrx_word' id='word_1_155' title='bbox 756 2758 836 2806; x_wconf 90' lang='lat' dir='ltr'>cum</span> <span class='ocrx_word' id='word_1_156' title='bbox 846 2758 890 2805; x_wconf 85' lang='lat' dir='ltr'>e·</span> 
     </span>
     <span class='ocr_line' id='line_1_28' title="bbox 186 2829 888 2928; baseline 0.007 -30"><span class='ocrx_word' id='word_1_157' title='bbox 186 2829 343 2927; x_wconf 85' lang='lat' dir='ltr'>gregium</span> <span class='ocrx_word' id='word_1_158' title='bbox 365 2829 460 2925; x_wconf 87' lang='lat' dir='ltr'>plane</span> <span class='ocrx_word' id='word_1_159' title='bbox 488 2831 522 2903; x_wconf 72' lang='grc' dir='ltr'>ὃ(</span> <span class='ocrx_word' id='word_1_160' title='bbox 546 2829 684 2904; x_wconf 85' lang='lat' dir='ltr'>solidum</span> <span class='ocrx_word' id='word_1_161' title='bbox 704 2829 888 2928; x_wconf 81' lang='lat' dir='ltr'>Reipubli-</span> 
     </span>
     <span class='ocr_line' id='line_1_29' title="bbox 185 2924 885 3002; baseline 0.007 -8"><span class='ocrx_word' id='word_1_162' title='bbox 185 2945 244 2995; x_wconf 86' lang='lat' dir='ltr'>cae</span> <span class='ocrx_word' id='word_1_163' title='bbox 261 2924 586 3002; x_wconf 86' lang='lat' dir='ltr'>firmamentumhoc</span> <span class='ocrx_word' id='word_1_164' title='bbox 601 2927 789 3002; x_wconf 87' lang='lat' dir='ltr'>institutum</span> <span class='ocrx_word' id='word_1_165' title='bbox 807 2925 885 2999; x_wconf 89' lang='lat' dir='ltr'>fue·</span> 
     </span>
     <span class='ocr_line' id='line_1_30' title="bbox 179 3016 913 3197; baseline 0.022 -113"><span class='ocrx_word' id='word_1_166' title='bbox 179 3016 243 3091; x_wconf 82' lang='lat' dir='ltr'>rit.</span> <span class='ocrx_word' id='word_1_167' title='bbox 294 3020 408 3101; x_wconf 87' lang='lat' dir='ltr'>Prima</span> <span class='ocrx_word' id='word_1_168' title='bbox 422 3027 526 3125; x_wconf 88' lang='lat' dir='ltr'>igitur</span> <span class='ocrx_word' id='word_1_169' title='bbox 543 3026 648 3105; x_wconf 85' lang='lat' dir='ltr'>caussa</span> <span class='ocrx_word' id='word_1_170' title='bbox 662 3026 726 3102; x_wconf 83' lang='lat' dir='ltr'>suit</span> <span class='ocrx_word' id='word_1_171' title='bbox 738 3071 753 3123; x_wconf 56' lang='lat'>,&gt;</span> <span class='ocrx_word' id='word_1_172' title='bbox 784 3032 822 3103; x_wconf 86' lang='lat' dir='ltr'>ut</span> <span class='ocrx_word' id='word_1_173' title='bbox 835 3025 913 3197; x_wconf 58' lang='lat' dir='ltr'>fien&#39;</span> 
     </span>
    </p>

    <p class='ocr_par' dir='ltr' id='par_1_4' title="bbox 870 3157 886 3187">
     <span class='ocr_line' id='line_1_31' title="bbox 870 3157 886 3187; baseline 0 0"><span class='ocrx_word' id='word_1_174' title='bbox 870 3157 886 3187; x_wconf 71' lang='grc'>1</span> 
     </span>
    </p>
   </div>
   <div class='ocr_carea' id='block_1_3' title="bbox 0 0 1006 3554">
    <p class='ocr_par' dir='ltr' id='par_1_5' title="bbox 0 0 1006 3554">
     <span class='ocr_line' id='line_1_32' title="bbox 0 0 1006 3554; baseline 0 2"><span class='ocrx_word' id='word_1_175' title='bbox 0 0 1006 3554; x_wconf 95' lang='lat' dir='ltr'> </span> 
     </span>
    </p>
   </div>
  </div>
 </body>
</html>
