2002 3554
58 3242 77 3328 l

242 149 318 241 W
460 124 750 217 'Hrsrourl
871 126 887 137 '¹

249 332 306 402 que
322 309 563 404 intemperantius
580 329 649 374 eam
666 306 757 399 qe'am
765 305 831 393 fe,-
851 307 954 380 duma·

250 425 305 473 να.
340 405 492 498 Scipioni
514 411 638 500 magna]
655 401 750 497 luper
772 401 861 474 haec
876 431 952 480 cura

189 588 198 607 ι
251 499 386 571 incenso
412 498 577 572 Mafiniss‘a
606 499 818 594 supervenit:
846 525 948 598 quern

255 599 400 696 egregiis
428 595 578 668 laudibus
593 594 757 691 frequenti
777 598 951 674 Praetorio

249 695 479 778 celebratum,
505 717 585 764 mox
611 696 645 765 in
666 690 831 766 secretum
845 697 951 771 abdu-

258 791 369 874 elum.
393 789 552 862 admonet
582 838 609 878 ‚‚
624 789 856 879 deomnibus,
873 818 952 891 quac

257 940 284 981 ‚,
311 888 471 987 Syphacis
492 887 625 959 titillent
645 891 785 960 Senatus
812 889 951 991 Populi-

260 1040 284 1074 „
308 1010 372 1082 que
390 986 537 1058 Romani
555 984 712 1080 judicium
730 986 796 1058 else
813 986 948 1076 debere3
978 1024 983 1035 ·

258 1135 283 1172 „
308 1082 449 1180 proinde
471 1083 571 1152 eriam
595 1085 776 1180 conjugem
793 1085 949 1175 eiusRo-
972 1128 975 1137 ·

260 1231 297 1275 ,2
311 1205 398 1252 mam
422 1200 579 1271 oportere
594 1181 693 1251 mitti.
732 1212 758 1269 ‚l
784 1181 950 1254 Masinilla

260 1279 416 1376 lacrymis
451 1276 578 1347 obortis
610 1276 807 1372 Scipionem
831 1281 946 1363 oravit,

259 1424 285 1466 ‚‚
309 1399 373 1462 ut,
397 1392 554 1470 quantum
571 1397 619 1443 res
628 1373 764 1457 sineret,
793 1373 950 1447 fideisuae

261 1520 288 1562 ,‚
313 1493 437 1544 temere
455 1467 628 1542 obllridlae
642 1470 852 1562 consuleret,
876 1498 948 1571 pro·

260 1618 287 1657 ,‚
310 1568 427 1642 mifille
450 1570 560 1651 enim,
587 1567 647 1636 sese
666 1570 700 1638 in
719 1568 841 1640 nullius
855 1576 949 1665 pote·

260 1717 287 1754 „
312 1666 424 1737 statem
440 1687 511 1735 cam
531 1665 739 1736 traditurum.
765 1677 789 1712 “
839 1666 888 1738 Et
911 1666 951 1738 ab

259 1764 430 1854 colloquio
447 1761 605 1855 digressus
619 1784 784 1833 vencnum
794 1786 878 1835 mox
889 1765 952 1836 So·

258 1856 439 1952 phonisbae
453 1861 578 1944 mittit3
603 1858 692 1948 quod
712 1859 766 1930 illa
785 1861 951 1955 impavide

258 1955 367 2027 haufit
392 1972 420 2026 ².
473 1956 521 2026 At
547 1959 679 2048 Scipio,
702 1977 741 2028 ut
758 1981 777 2028 a
793 1959 949 2052 praesenti

258 2075 357 2126 motu
390 2053 538 2125 animum
563 2053 752 2126 Mafiniffae
766 2075 948 2144 averteret,

255 2151 429 2249 prostridie
453 2174 515 2246 pro
541 2154 705 2223 concione
741 2156 852 2248 Regem
876 2176 948 2223 eun

256 2249 416 2346 appellat,
439 2247 633 2341 eximiisque
664 2246 816 2320 laudibus
838 2249 874 2322 ὅ(
890 2249 946 2319 do·

257 2349 308 2417 nis
323 2366 438 2417 ornat:
467 2368 543 2415 cum
555 2365 720 2438 praeterea
730 2345 810 2416 Rex
823 2344 943 2439 inlpem

255 2445 477 2538 propinquam
508 2443 708 2536 erigeretur,
744 2441 873 2516 sublato
888 2443 944 2539 Sy·

253 2540 391 2634 phace‚
424 2540 531 2609 omnis
555 2540 744 2619 Numidiae
760 2541 945 2636 potiundae.

253 2633 539 2730 Carthaginienses
574 2641 636 2728 jam
667 2637 878 2731 improsperis
900 2661 950 2708 re·

253 2729 313 2802 bus
339 2732 479 2828 perculsi
502 2732 679 2804 solemnem
696 2734 739 2803 de
761 2759 845 2831 pace
860 2734 950 2822 lega·

254 2831 382 2900 tionem
412 2829 451 2898 ad
470 2828 662 2923 Scipionem
680 2833 836 2905 mittunt.
881 2829 947 2901 His

252 2927 342 3024 leges
367 2927 457 3025 pacis
497 2925 612 3026 Scipio
637 2927 746 3001 dixit:
786 2931 948 3028 Captivos,

900 3040 950 3095 Ψ

274 3136 375 3200 aliid.
392 3159 466 3218 ως.
