2002 3554
93 189 96 193 -
176 150 246 243 ²3⁶
379 139 689 220 Hrseonra·

177 327 256 400 quas
271 300 409 374 tranfire
422 301 630 400 cogebatur,
654 301 717 374 iter
730 298 873 375 eiinteri

178 395 345 473 clufiffent
361 401 560 481 Tarentini,
588 401 739 495 captivos
756 419 875 473 eorum

179 498 382 595 praemittit:
409 497 501 569 atilli
516 497 634 583 veriti,
667 519 709 568 ne
725 493 799 567 suos
814 518 876 592 pro

180 594 343 669 Romanis
391 592 629 682 conficerent,
669 593 879 666 destiterunt.

182 693 331 791 Pyrrhus
351 691 573 764 intereanon
594 687 788 787 exspectato
801 711 879 763 vere

182 792 260 863 anni
274 788 434 887 sequentis
453 811 533 860 cum
550 810 674 885 magno
688 782 883 860 leetiffimo·

186 912 252 985 que
276 884 455 970 exercitu,
487 908 587 981 quem
616 888 699 956 mira
716 884 883 957 alacritate

186 980 884 1080 conscripseratelephantisquepraetereati-

187 1085 273 1182 g'inti
301 1081 381 1178 (qui
403 1100 479 1154 tum
501 1084 649 1181 primum
674 1081 716 1150 ‘in
749 1077 884 1154 ltaliam

186 1198 376 1263 venerunt;
406 1175 443 1250 &
468 1202 487 1249 a
511 1179 696 1262 Romanis,
722 1173 813 1273 quod
830 1198 888 1247 eoa

192 1281 228 1350 in
250 1283 388 1348 Lucania
415 1277 560 1373 primum
582 1275 759 1362 vidissent,
785 1280 889 1344 Boves

71 1373 81 1391 '
192 1382 295 1446 Lucae
317 1372 390 1445 sunt
415 1372 523 1458 dieti)
558 1375 593 1446 in
626 1371 754 1446 ltaliam
786 1372 888 1463 traje-

73 1494 77 1527 ·-
192 1477 242 1546 cit
259 1493 306 1559 a,
332 1493 455 1567 magno
476 1468 534 1543 suo
547 1468 774 1565 exercitusque
787 1467 890 1540 etiam

194 1572 241 1642 sui
268 1568 438 1665 periculo,
464 1567 501 1638 &
517 1565 629 1639 multis
645 1568 777 1639 suorum
792 1563 890 1636 arnis·

195 1665 247 1749 fis.
270 1663 337 1738 Sed
353 1661 448 1734 brevi
464 1659 892 1745 Tarentinoslarceffitiau·

92 1840 99 1844 ,
195 1762 266 1834 xilii
276 1759 442 1854 peregrini
453 1760 628 1853 poenituit.
641 1761 892 1858 Pyrrhusenim

197 1857 306 1928 statim
330 1877 372 1924 cx
392 1855 579 1950 junioribus
592 1881 710 1929 eorum
727 1855 894 1930 delectum

195 1957 288 2054 egit3
320 1952 441 2048 eosque
459 1955 641 2050 manipulis
665 1954 799 2031 suorum
815 1951 897 2026 irase·

199 2055 285 2136 ruit,
310 2073 353 2121 ne
370 2069 486 2122 contra
501 2044 533 2123 sc
550 2053 673 2150 aliquid
691 2053 802 2124 moliri
822 2051 897 2151 pos·

199 2151 280 2224 sent.
305 2147 499 2222 Theatrum
516 2151 615 2223 etiarn
631 2148 766 2234 claufit,
791 2151 900 2221 coeti·

84 2302 87 2306 -
203 2248 327 2344 busque
338 2245 903 2320 conviviorum&comess'ationnm

6 3288 117 3320 Q
135 3314 143 3320 .

204 2340 387 2417 interdictis
408 2343 629 2418 adolescentes
660 2365 718 2417 aut
745 2347 779 2414 in
806 2346 903 2416 armis

159 2494 164 2512 .
206 2441 374 2526 exerceri,
399 2460 455 2511 aut
472 2441 507 2510 in
522 2440 596 2513 foro
612 2463 702 2516 totos
719 2442 789 2513 dies
804 2463 905 2538 agere

206 2535 300 2634 juffit
330 2534 359 2606 b.
410 2534 458 2608 Et
481 2561 522 2609 ne
537 2537 653 2634 quisse
668 2563 711 2612 ex
732 2536 814 2610 urbe
830 2537 909 2609 sub-

209 2633 373 2722 duceret,
407 2633 569 2708 custodias
594 2638 628 2707 in
658 2636 762 2732 portis
785 2634 904 2738 posu‘tt.

209 2731 280 2805 Eos
297 2754 397 2816 vero,
423 2755 506 2819 quos
518 2731 572 2804 vel
590 2732 710 2805 favoris
726 2753 804 2829 erga
825 2733 903 2803 Ro·

209 2851 323 2904 manos
339 2826 503 2925 suspeetos
519 2827 680 2919 habebat,
705 2829 759 2907 vel
776 2830 904 2996 Rglipu·

836 2947 909 2997 reae

248 3062 265 3102 a
285 3045 395 3119 Paufitn.
415 3041 598 3103 Arriae-12.
643 3029 645 3034 ’

169 3118 175 3124 “
247 3117 266 3178 b
285 3119 354 3178 rena
373 3117 470 3194 Pyrrho
485 3131 511 3196 p.
518 3136 582 3194 292.
