2002 3554
132 132 296 212 Rutruu.
320 84 492 208 Roman
509 129 648 213 Lmll.
692 156 765 243 *143

59 308 115 383 te,
141 319 175 368 ur
184 293 477 396 stipendim·miias
490 297 530 368 de
541 291 658 396 paliliro
680 309 765 375 acci·

56 416 164 496 peret,
184 418 263 466 curn
274 412 350 466 ante
364 392 398 464 id
406 415 539 490 tempus
551 395 593 467 de
609 399 761 498 [unquis-

59 516 128 581 que
142 489 275 563 fortitus
290 513 332 562 eo
348 514 486 564 munere
499 491 586 564 effet.
634 495 763 586 Gratii-

61 587 187 661 fimum
205 589 271 660 hoc
286 588 376 687 plebi
392 590 474 680 fuit,
492 591 714 688 nequicquam
722 597 761 668 li·

60 684 267 758 beralitatem
319 689 455 759 trumin
473 691 623 787 pejorem
635 711 761 786 partem

58 783 271 880 detorquenti
299 809 334 859 us
353 784 519 858 Tribunis
543 786 676 859 Eodem
702 814 764 863 an-

58 904 107 953 no
129 879 253 959 Veiens
273 881 397 955 bellurn
419 903 552 956 motum
578 883 627 955 est
645 884 691 956 ob
710 887 762 961 su·

56 977 202 1079 perbum
228 977 418 1077 responsum
444 979 561 1079 legaris
587 1006 636 1053 res
667 1005 762 1082 repe·

56 1075 203 1150 tentibus
218 1075 354 1147 datum:
381 1075 447 1150 Sed
456 1102 543 1149 anno
559 1077 696 1152 demunt
712 1081 761 1154 se-

19 1176 24 1183 '
56 1192 182 1271 quente
197 1172 343 1246 obfideri
358 1175 472 1269 coepti
486 1174 560 1246 sunt
576 1174 655 1274 Veji
664 1205 676 1262 ;
703 1202 760 1251 ea·

56 1294 123 1368 que
137 1269 315 1344 obfidioin
328 1270 498 1353 decimum
513 1295 637 1345 annum
647 1276 760 1349 traxit.

58 1371 188 1440 Artena
197 1369 298 1443 etiam
310 1367 513 1444 Volscorurn
523 1369 685 1467 oppidum
694 1371 762 1445 hoc

58 1465 236 1538 annoservi
245 1465 439 1565 proditione
449 1467 641 1564 captumest
655 1471 762 1547 astr-

58 1587 107 1634 νο
122 1582 248 1659 praeter
264 1564 452 1638 libertatem
470 1613 483 1655 ,
507 1564 646 1639 duarum
662 1564 760 1640 fanti·

55 1661 179 1734 liarurn
195 1658 283 1733 bona
296 1663 331 1733 in
347 1664 530 1758 praemium
547 1662 639 1737 data:
665 1663 758 1762 quod
888 1759 890 1763 Ι

56 1777 191 1832 ceterae
205 1758 389 1833 Romarurn
404 1763 671 1858 magnanimitati
688 1787 758 1837 nou

56 1856 160 1931 nimis
173 1879 364 1955 congruum
383 1856 476 1931 fuiise
495 1857 639 1934 videtur.

55 1953 757 2149 trattatuttrnrtt2522:
770 1969 836 2134 ta

56 2169 111 2223 tos
120 2148 213 2221 firiffe
221 2147 306 2219 dicit
316 2145 709 2245 LiviuaCensorum,qui
718 2171 760 2219 eo
771 2126 876 2252 ΖΨ*

55 2270 146 2319 anno
163 2243 311 2329 fuerunt,
325 2251 381 2332 (ut
397 2267 439 2315 ex
448 2244 551 2316 Fastis
559 2243 761 2342 Capitolinis
771 2277 845 2336 nu,
852 2290 918 2356 350·

55 2348 196 2441 paren)
207 2345 344 2416 nomina
361 2365 421 2441 ptr
431 2342 591 2416 incuriam
602 2345 641 2416 iis
651 2343 760 2416 ⁴adnu-

57 2463 200 2514 metans.
225 2439 307 2515 Vid.
321 2438 378 2514 Cl.
391 2442 544 2514 perizon.
554 2441 655 2516 anim.
671 2440 759 2516 trist.

56 2561 88 2610 c.
105 2560 142 2612 2.
166 2535 339 2636 Quicquid
352 2541 422 2639 ejus
437 2541 484 2612 rei
500 2539 552 2628 fit,
571 2561 610 2615 ut
627 2539 759 2615 obsidio

57 2634 229 2730 Veiorum
246 2637 351 2717 acrius
371 2640 644 2732 continuaretur,
675 2641 757 2711 Tri·

56 2731 145 2807 buni
162 2736 350 2808 exoritura
364 2733 422 2806 sub
442 2735 583 2834 pellibus
600 2739 760 2833 hyemare

57 2835 268 2930 co'e‘gerunt,
293 2854 384 2904 novo
400 2830 562 2905 Romano
577 2835 674 2905 rniliti
685 2857 760 2902 rno-

58 2953 96 3004 re
108 2936 147 3004 b.
196 2927 279 3004 Nec
298 2925 465 3002 occationi
481 2928 659 3004 defuerunt
674 2929 760 3000 Tri-

680 3023 762 3109 huni

95 3148 200 3212 arua
219 3151 300 3235 0361·
334 3150 435 3215 uua.
455 3157 530 3214 w.
547 3153 624 3227 nis
