2002 3554
238 135 317 212 610
468 125 783 208 Hieronin
887 107 896 123 ’

238 293 332 368 omni
354 290 458 366 modo
478 290 568 391 spem
587 289 679 390 pacis
696 291 841 368 tentaffe
858 296 950 368 videa

237 412 289 467 ret
306 407 353 476 ¹3
387 415 498 489 neque
533 392 717 465 Romanos
754 391 949 481 afiniendo

238 485 371 563 difficili
379 489 468 562 bello
476 489 653 561 abhorrere
662 488 840 576 crederet,
866 517 950 564 mer·

174 638 179 653 .
239 588 360 661 eedem
377 613 396 659 a
412 587 535 687 Rege,
559 587 660 658 modo
680 589 871 680 nejuvaret
883 589 951 661 bel·

240 685 278 760 lo
296 687 471 759 Romanos
489 684 581 758 mille
596 687 740 774 talenta,
769 686 877 758 modo
896 711 950 784 pa-

240 786 291 857 cis
313 783 490 879 patrandae
515 784 605 854 mille
631 783 880 883 &quingenta
896 810 950 882 pa·

241 881 426 957 ciscebatur
443 880 462 939 b
481 908 490 953 :
517 881 615 968 licet,
635 880 859 972 utdiximus,
873 883 948 955 adeo

242 979 387 1052 infensus
403 979 549 1050 Eumeni
572 977 646 1049 esset
667 977 829 1066 Perfeus,
855 1002 894 1053 ut
909 1003 947 1053 ex

247 1076 374 1150 infidiis
390 1100 469 1148 eum
484 1073 672 1147 interficere
686 1075 796 1150 fuerit
808 1099 951 1152 conatus.

244 1173 377 1250 Verum
419 1173 703 1269 quemadmodum
732 1175 825 1272 apud
860 1175 951 1249 Gen

245 1273 333 1346 tium
360 1273 500 1369 Regem
525 1272 659 1357 avaritia
695 1271 821 1345 Perseo
847 1272 950 1346 fraudi

244 1368 355 1443 fuerat
367 1424 383 1450 .,
415 1372 464 1442 ita
488 1368 603 1443 eadem
623 1369 712 1441 hanc
731 1367 862 1461 tantam
882 1395 950 1443 rem

245 1490 325 1539 cum
352 1466 504 1539 Eumene
535 1488 613 1539 eum
649 1466 826 1541 ‹umittere
847 1468 951 1556 fecit3

247 1588 327 1638 cum
352 1565 487 1658 quidem
510 1562 693 1660 impensam
718 1563 753 1636 se
771 1591 839 1638 non
855 1590 950 1639 recu·

247 1663 317 1733 sure
334 1666 483 1750 diceret3
507 1663 561 1733 sed
579 1687 652 1733 eam
671 1666 853 1760 pecuniam
873 1689 949 1759 per·

244 1756 332 1829 Ῑεᾶα
351 1760 573 1831 rediturum:
599 1762 726 1833 interea
751 1761 944 1834 Samotbra-

246 1877 305 1926 cae
327 1855 359 1925 in
378 1856 767 1954 templodepositurum,
792 1854 948 1953 quodab-

247 1954 322 2024 nuit
346 1951 543 2044 Eumenes,
579 1979 659 2025 cum
687 1980 724 2028 ea
742 1955 847 2028 Insula
865 1952 949 2027 sacra

248 2050 413 2145 quidem,
448 2052 499 2122 sed
527 2074 639 2124 tamen
666 2053 789 2126 Perseo
805 2054 946 2126 obnoxia

249 2149 338 2219 eflet.
367 2150 415 2221 ita
432 2149 626 2238 Eumenes,
650 2175 712 2244 per
733 2174 864 2248 partem
880 2176 947 2222 cer·

248 2267 283 2318 te
301 2246 399 2331 belli,
426 2248 583 2319 Romanis
599 2247 707 2320 adfuit
731 2266 761 2321 c.
800 2251 856 2322 Eo
872 2248 948 2319 fini-

105 2356 110 2363 '
178 2339 187 2352 ⁸
248 2363 304 2423 to,
329 2345 416 2415 inter
442 2346 560 2416 multas
586 2350 745 2441 Regum,
779 2349 949 2445 gentium·

168 2520 172 2527 ,
248 2452 324 2532 que¹
340 2441 376 2511 &
403 2444 604 2536 populorum
636 2443 825 2539 legationes
855 2449 948 2518 frater

246 2537 410 2608 Eumenis
449 2539 583 2611 Attalus
607 2543 758 2611 maxime
775 2546 808 2613 in
832 2545 866 2615 se
882 2565 950 2614 om·

248 2636 342 2704 nium
364 2636 479 2708 oculos
510 2636 700 2731 animosque
722 2642 900 2714 convertit
924 2638 951 2710 d.

248 2732 409 2828 §umque
429 2733 466 2807 &
478 2733 664 2831 gratulandi
674 2733 858 2812 vibioriam
867 2736 952 2812 caus·

903 2835 949 2917 sa,

284 2992 301 3052 e
322 2995 479 3054 Linum.
497 3015 518 3052 ι.
533 3013 579 3070 25.
616 2994 634 3055 b
652 2999 769 3071 Excerpe.
787 3014 820 3053 tx
845 2995 956 3074 Appiani

58 3058 173 3287 N
252 3079 341 3161 unx.
375 3089 394 3133 e
412 3073 473 3135 ue.
488 3079 614 3156 uxum
632 3088 712 3148 c.3z.
748 3069 829 3150 du.
842 3078 954 3140 Lm

256 3169 285 3231 it
297 3164 348 3225 ¹9·
