2002 3554
120 165 275 259 aarum
301 165 468 243 aonia.
490 166 629 254 noar.
678 189 763 275 373?
798 110 832 189 '⁴
950 112 953 119 ¹

51 328 158 429 perse
175 328 282 404 adorti
298 327 372 404 sunt
389 354 458 403 rem
469 327 656 406 Cumanam
669 328 745 408 [uae

52 427 188 510 ditionis
209 426 334 517 facere,
356 429 503 502 invitatis
517 427 690 521 Cumania·
705 451 747 510 ut

52 523 95 622 ad
112 522 229 596 statum
252 523 428 622 Campanis
453 525 607 600 omnibus
625 527 746 607 sacrifa-

52 621 145 691 cium
161 624 318 704 venirent.
369 622 514 696 Cumani
530 648 599 697 rem
615 621 762 696 Conso..

52 716 77 787 li
92 718 253 804 Graccho
269 719 424 793 nunciant
441 748 449 793 :
483 724 540 820 qui
558 720 757 818 Campanos'

47 813 227 897 ¹nobturnis
238 815 337 890 sacris.
346 840 518 914 operantes
536 819 681 904 invadit;
707 817 755 891 δι’

54 909 212 986 leviffima
225 913 404 1010 suajabtura
418 918 546 1015 ingenti
556 916 661 1013 strage
673 937 761 988 οπο·

10 1039 15 1044 ·
56 1007 124 1081 dit:
151 1009 392 1110 confestimque
404 1012 436 1085 se
459 1014 613 1110 providus
636 1015 687 1085 vir
712 1013 748 1084 in

41 1106 749 1204 effimmoemaumuHmfflmstu

56 1201 118 1286 stra
141 1202 320 1304 Campanis
345 1230 445 1303 opem
460 1207 590 1286 ¹laturus
611 1206 751 1281 accede⁴

56 1321 118 1372 ret.
170 1302 219 1375 Ut
249 1323 359 1375 tamen
385 1305 537 1400 precibus
559 1305 761 1400 Campano·

55 1422 130 1470 rum
148 1399 340 1474 satisfaceret
356 1399 479 1473 Cumas
494 1421 686 1499 oppugnat:
697 1398 759 1472 sed2
783 1464 785 1470 ,

57 1493 189 1581 fortiter
201 1497 490 1572 sedefendentibus
500 1498 660 1572 Cumanis
675 1517 750 1571 tan·

57 1592 135 1666 dem
152 1594 300 1682 incastra
316 1593 416 1669 suase
434 1599 582 1686 recipere
600 1597 750 1692 cogitur.

59 1706 82 1778 ²,
96 1691 142 1763 Et
157 1691 192 1785 in
205 1693 349 1779 Lucanis
359 1697 459 1768 etiam
475 1694 602 1767 Hanno
621 1695 761 1768 Poenus.

12 1844 15 1849 .
56 1813 76 1859 a
98 1789 297 1863 Proconsule
319 1796 367 1876 Ti.
391 1800 562 1889 Sempronio
580 1801 686 1893 Longo
702 1793 754 1865 vi·

57 1884 130 1967 ebus
146 1886 179 1956 in
198 1890 348 1978 Bruttios
362 1890 499 1965 receffit.
524 1889 647 1969 Fabius
667 1914 753 1988 quo·
863 1949 866 1956 .

58 2006 124 2077 que
141 1981 265 2054 Consul
283 2038 295 2072 ‚
319 1988 378 2079 qui
404 1987 445 2056 ad
458 1988 624 2069 variorum
641 1986 760 2080 prodi:

58 2078 193 2177 giorum
211 2081 479 2174 procurationem
496 2082 644 2151 Romam
667 2079 757 2166 abiese

59 2195 132 2267 rat,
159 2173 328 2262 btandem
350 2173 492 2264 reversus
519 2199 598 2247 cum
626 2177 764 2272 collega:

63 2273 265 2369 Sempronio
291 2271 474 2347 vGraccho
520 2273 623 2355 varias
662 2271 764 2361 urbes,

63 2368 268 2466 Campaniae
286 2425 298 2459 ‚
330 2394 414 2539 puae
429 2369 619 2443 defecerant
634 2423 644 2457 ,
671 2371 756 2441 reci·

62 2467 133 2564 pit:
159 2467 339 2543 &Marcel
351 2491 409 2540 urn
423 2468 659 2540 Proconsulem
674 2468 758 2559 Noss
836 2530 840 2533 ,

65 2565 158 2649 lam,
196 2563 253 2636 ubi
282 2563 402 2660 plebs,
440 2588 479 2639 ut
511 2569 620 2661 priore
649 2590 757 2648 anno,

65 2660 175 2734 adhuc
202 2661 334 2733 consilia
349 2662 390 2734 de
403 2662 505 2746 caede
522 2666 710 2760 principum
723 2663 763 2734 be

66 2757 149 2831 urbe
174 2758 352 2837 Hannibali
380 2758 535 2849 tradenda
553 2761 711 2858 agitabat,
728 2761 764 2831 in

67 2854 263 2953 praesidium
291 2851 381 2926 mifit
405 2855 591 2953 (invaserat
615 2860 704 2928 enim
722 2844 768 2932 11⁴?k

67 2976 128 3026 nus
144 2954 238 3028 velut
261 2950 396 3027 morbus
420 2976 535 3025 omnes
553 2951 665 3030 ltaliae
681 2953 765 3023 civi·

382 3049 440 3151 Aa
468 3075 483 3148 3
662 3069 768 3162 tuter,

106 3175 124 3219 a
143 3107 179 3224 lbi
190 3183 211 3257 ι,
223 3181 272 3250 39,
