2048 3526
168 143 330 216 Rnrruu.
354 139 517 216 Romu.
538 138 685 217 Lru.V.
739 159 807 239 525

111 314 138 391 '‚,
164 300 218 374 Ut
235 295 436 396 imperium,
461 299 730 398 majestatemque
740 302 811 374 Po·

112 450 137 486 „
163 399 234 494 puli
250 398 399 469 Romani
415 421 497 495 gens
515 397 713 469 Aetolorum
726 424 809 472 con·

112 548 139 585 ‚,
164 493 305 568 servaret
336 494 402 566 fine
416 495 498 567 dolo
515 494 612 566 malo.
649 493 809 570 'Eosdem

113 642 143 683 „
167 615 244 663 cum
263 593 422 663 Romanis
441 591 549 663 hostes
564 588 711 663 haberet.
728 593 808 664 Per·

109 739 140 781 ‚‚
167 689 281 786 fugas,
309 689 487 784 fugitivos,
512 689 661 785 captivos
678 689 808 761 Roma·

109 809 139 874 ,a
164 787 243 874 nis,
276 786 430 883 sociisque
454 784 615 856 redderet.
664 785 810 860 obfides

111 932 138 972 „
161 882 382 982 quadraginta
406 881 561 957 Consulis
572 881 730 955 arbitratu
748 884 809 954 da-

116 1031 144 1068 „
164 1002 225 1054 ret.
258 980 457 1079 Cephallenia
479 979 585 1053 Insula
604 1000 696 1052 extra
719 981 809 1078 leges

112 1129 139 1168 ‚‚
165 1078 252 1174 pacis
268 1078 356 1152 esset.
380 1080 538 1151 Ducenta
559 1079 678 1152 talenta
690 1100 810 1175 argen-

112 1224 137 1265 „
163 1177 189 1247 ti
208 1176 359 1249 Euboica
379 1174 408 1267 †
426 1172 629 1271 praesentia3
656 1173 693 1246 &
709 1177 809 1270 quin·

112 1320 137 1362 ‚,
163 1274 321 1370 quaginta
346 1274 369 1321 *¹¹
383 1294 489 1343 annua
505 1272 539 1343 in
560 1275 736 1366 proximos
752 1269 808 1345 sex

110 1418 139 1460 ,‚
163 1392 267 1442 annos
282 1369 417 1442 darent:
443 1370 533 1464 agri,
558 1367 670 1455 urbes,
697 1368 809 1440 horni-

116 1515 143 1556 „
168 1482 242 1554 nes,
267 1469 324 1562 qui
350 1465 548 1539 Aetolorum
562 1467 645 1563 juris
662 1466 808 1559 aliquan·

113 1612 139 1653 ‚,
166 1562 212 1634 do
239 1563 392 1650 fodient,
421 1563 477 1657 qui
498 1586 614 1635 eorum
630 1564 679 1636 T.
693 1561 809 1657 Quin·

120 1709 145 1746 ‚,
168 1658 807 1757 dlioCnDomitioConsulibus,post·
835 1685 837 1688 ’
952 1684 969 1690 ·’

113 1805 139 1846 ,,
163 1782 206 1830 ve
230 1783 287 1833 eos
308 1757 493 1845 Consules,
528 1760 627 1831 armis
643 1757 806 1851 ,lubadh
958 1776 961 1783 ·

113 1902 142 1942 „
167 1875 224 1926 aut
251 1856 423 1931 voluntate
445 1858 480 1927 in
507 1856 671 1929 ditionem
688 1857 809 1953 Populi
913 1866 916 1874 '

110 1996 139 2038 ‚2
163 1951 315 2024 Romani
331 1951 510 2040 venillent,
533 1975 683 2048 nequem
692 1977 809 2024 eorum

117 2097 145 2137 „
170 2046 285 2119 Aetoli
310 2049 509 2143 reciperent.
559 2050 716 2116 Oeniadae
730 2072 809 2120 cum

118 2195 143 2233 ‚,
168 2145 250 2216 urbe
259 2144 409 2242 agrisque
418 2143 615 2215 Aetolorum
626 2142 748 2214 forent.
763 2153 787 2187 ‘⁸

164 2240 192 2332 §.
206 2241 271 2315 lV.
299 2242 429 2314 Aetolis
453 2239 649 2337 perdomitis
667 2239 878 2332 M.Ful·§.4.
895 2270 945 2320 ce

115 2339 187 2411 vius
201 2337 327 2412 Consul
342 2340 377 2409 in
392 2337 643 2434 Cephalleniam
658 2335 942 2434 trajecitnhalhnf'a

114 2459 254 2534 eamque
278 2439 388 2511 statim
421 2438 456 2506 in
480 2435 686 2510 deditionem
715 2413 952 2550 rece-lggl'mm

114 2537 176 2630 pit.
225 2535 274 2607 At
300 2540 440 2621 Samaei,
473 2557 660 2630 quanquam
680 2533 811 2609 obfides
862 2529 871 2547 ’
935 2569 939 2583 ·

115 2629 292 2721 dederant,
318 2632 482 2703 incertum
499 2629 619 2728 quade
637 2631 812 2705 caullade-

115 2727 288 2802 sciverunt·
311 2746 344 2798 a..
385 2727 476 2801 Urbs
499 2752 616 2800 eorum
640 2728 714 2825 post
732 2753 813 2823 qua·

116 2846 194 2903 tuor
210 2827 347 2900 demum
364 2822 527 2899 mensium
543 2823 815 2904 obfidionemca·

756 2943 815 3020 pta
856 2927 858 2931 ’

152 3059 168 3133 ’s
186 3077 307 3132 240000.
325 3059 394 3117 Flor.
412 3063 550 3129 Carolinor.
597 3060 618 3137 ᾖ
636 3059 737 3123 60000.
748 3059 816 3122 Flet·

113 3143 180 3197 Car.
218 3140 313 3202 aLiv.
337 3130 362 3199 d.
379 3137 398 3199 l.
416 3157 437 3200 a.
447 3136 493 3202 28.
784 3172 786 3178 1
