2002 3554
175 136 336 212 Rutnun.
363 134 520 210 Roman.¹
550 134 688 211 Luall.
746 138 793 235 85

94 295 255 369 Hernicis
271 296 307 366 ὅ(
324 294 615 370 Sabinissocietate
630 299 709 371 inita
722 297 794 370 bel·

89 395 161 465 lum
184 394 454 467 instaurarunta.
504 393 569 465 Sed
587 416 663 464 cum
679 394 791 492 plebs,

91 489 156 562 nifi
177 490 235 561 fibi
260 487 458 580 satisfieret,
488 488 646 562 Consules
663 493 704 563 ad
720 493 792 565 bel·
911 527 913 532 ·

94 588 168 658 lum
189 585 274 682 sequi
300 587 431 678 nollet,
472 587 610 662 demum
641 587 717 684 post
737 613 794 659 va·

77 757 80 762 ,
98 686 162 755 rias
182 684 407 758 altercationes
418 686 574 760 Servilius
585 688 723 757 nomine
736 685 798 758 Se-

97 800 195 853 natus
213 782 364 877 promisit
380 781 488 880 plebi,
512 782 604 871 fore,
628 803 664 854 ut
678 783 794 856 saluta·
883 837 885 842 -

93 879 137 948 ris
147 878 369 978 Reipublicae
379 880 794 967 formaconllituereturb,

93 974 199 1047 modo
215 975 359 1072 praesens
371 977 556 1072 periculum
574 977 793 1071 fortitetpro·

93 1073 273 1170 pulsarent.
337 1073 462 1168 ltaque·
491 1095 614 1168 magno
643 1074 794 1145 exercitu

95 1167 220 1240 coadlo
236 1167 377 1241 Volscos
400 1191 463 1240 nec
481 1169 651 1262 opinantes
667 1170 798 1267 ingenti

93 1264 204 1363 strage
224 1264 376 1338 concidit
398 1266 548 1337 maxima
568 1264 684 1361 praeda
707 1265 796 1336 mili·

92 1363 183 1436 tibus
199 1384 312 1460 parta:
339 1362 417 1436 inde
438 1362 583 1434 Sueffam
602 1363 793 1435 Pometiam

95 1457 212 1533 urbem
228 1458 478 1547 nobilillimam,
512 1463 637 1556 aliaque
651 1458 795 1534 Volsco-

95 1579 174 1629 rum
191 1557 313 1654 oppida
326 1557 420 1630 brevi
437 1560 598 1652 temporis
615 1557 720 1658 spatio
731 1581 793 1630 ex-

96 1655 279 1752 pugnavit,
316 1654 475 1729 militibus
495 1653 622 1752 semper
642 1655 796 1754 praedam

95 1753 255 1849 largitus3
280 1749 516 1827 &adversante
530 1754 660 1854 collega
676 1748 813 1851 injullu‘

95 1857 232 1922 Patrum
247 1851 480 1947 triumphavit.
506 1851 597 1922 Idem
612 1850 795 1947 paulopost

96 1945 264 2024 Sabinoac
287 1947 441 2021 feriatum
457 1969 608 2044 tempore
626 1949 660 2019 in
675 1970 796 2045 agrum

97 2042 289 2116 Romanum
315 2046 475 2116 irruentes
499 2043 609 2114 fundit
626 2043 798 2139 &fugat3

98 2141 346 2235 Auruncosque
367 2142 468 2211 etiam
493 2140 692 2209 ferocientes
714 2160 799 2209 con·

100 2237 226 2312 tundit.
271 2237 354 2309 Hoc
379 2236 499 2308 eodem
521 2258 609 2306 anno
632 2253 800 2306 mercato·

96 2359 174 2406 rum
191 2335 372 2432 collegium
388 2336 526 2408 Romae
541 2331 602 2403 elle
611 2329 798 2404 institutum
839 2372 842 2378 =

96 2451 216 2505 notatu
231 2430 452 2533 satisdignum
462 2430 520 2503 est.
546 2434 677 2510 Liull.
701 2453 727 2505 c.·
743 2453 801 2527 27.
901 2494 903 2498 ,

151 2528 280 2603 Verum
299 2554 386 2602 anno
403 2530 557 2623 sequente
584 2554 661 2602 cum
683 2529 798 2604 Sabini
813 2545 956 2629 A.v.259,

38 2675 41 2679 ·
102 2624 227 2698 bellum
243 2649 406 2723 pararent,
421 2627 535 2704 Volsci
552 2627 588 2699 &
607 2631 713 2724 Aequi
722 2626 802 2700 illud
859 2624 862 2628 ’

98 2725 330 2816 minarentur,
357 2722 424 2798 'nifi
441 2749 520 2825 ager
544 2723 605 2797 libi
630 2726 803 2820 ademptus
827 2762 831 2767 ·
879 2796 881 2801 ,

95 2820 343 2909 restitueretur,
368 2823 461 2990 Pieli?
475 2842 588 2895 tamen
602 2817 802 2987 nomenoni-

290 2948 291 2952 ¹
480 2944 563 3014 3¹
729 2935 806 2990 m

99 3057 807 3138 amfflLwaMm&

139 3139 340 3224 elbid‘jja'3u
411 3190 414 3195 .
799 3177 801 3181 -
