2002 3554
129 152 287 232 Raram.
310 151 472 226 Romu.
498 146 643 226 Lrnll.
691 149 771 232 adr*
784 226 788 235 x
850 242 853 247 ,

64 341 141 392 mos
164 333 366 415 pugnatores
383 315 516 388 irruunt
530 314 692 412 facileque
706 318 772 390 σοι’

64 420 100 490 in
125 415 238 488 furiam
266 412 482 509 compellunt.
538 412 604 487 Sed
627 436 704 485 curn
719 415 768 488 ita

69 513 238 609 elephanti
264 513 399 607 propius
423 510 464 581 ad
483 534 595 583 muros
610 506 770 584 suc'ceffis·
867 535 870 539 ’

65 610 163 694 sent,
199 608 346 706 undique
371 631 444 683 tum
469 610 515 682 'ab
540 609 600 695 iis,
633 607 771 774 qui'pro

69 705 157 779 foffis
180 708 398 804 pugnabant,
434 726 508 781 tum
539 731 557 780 a
592 726 706 779 moenr
731 725 771 776 us

68 803 359 903 configebantur:
392 804 474 877 adeo
498 823 536 877 ut
561 828 639 902 prae
654 801 772 877 vuine-

68 927 142 976 rum
160 902 279 975 dolore
295 902 418 975 saevire
434 903 631 999 incipientes
639 901 773 972 suorum

69 1001 202 1075 ordines
212 1000 271 1094 ipsi
281 1000 543 1088 conculcarent,
567 997 774 1097 diiiiparent·

68 1122 145 1195 que.
195 1100 290 1171 Tum
313 1097 452 1170 demum
486 1097 644 1169 omnibus
666 1097 775 1194 copiis

68 1197 220 1271 turbatos
260 1194 415 1267 invadens
450 1194 611 1266 Metellus
642 1193 775 1292 ingenti

70 1293 178 1393 strage
205 1291 294 1365 edita
322 1291 432 1364 hostes
456 1292 490 1362 in
508 1290 622 1387 fugam
644 1292 772 1381 vertit:

71 1389 108 1462 &
121 1392 239 1463 decem
255 1413 295 1462 ex
312 1388 431 1462 belluis
450 1412 528 1461 cum
549 1387 774 1461 Indissuisca·

70 1492 122 1585 pit
136 1520 148 1574 3
169 1508 203 1561 at
211 1508 354 1572 ceteras,
380 1509 465 1585 quae
480 1484 623 1559 rediores
637 1486 774 1583 dejece-

73 1605 165 1671 rant,
186 1586 267 1682 ‘post
294 1608 441 1682 pugnam
457 1606 573 1657 omnes
585 1584 627 1657 ab
645 1584 774 1683 equitis

71 1682 131 1754 bus
155 1684 398 1758 circumventas
413 1684 448 1754 in
469 1682 669 1781 potestatem
683 1682 773 1757 redi·
850 1704 851 1707 ’

71 1783 133 1878 git.
169 1782 357 1856 Hasdrubal
376 1832 387 1868 ,
403 1782 405 1787 ’
422 1803 501 1853 curn
529 1780 775 1879 Carthaginem

52 1879 232 1966 renidet,
261 1883 297 1954 in
312 1903 447 1953 crucem
463 1876 622 1952 adtusest.
647 1875 776 1953 Metel'·

71 1977 120 2049 lus
134 2000 215 2047 vero
226 1979 376 2050 Romam
385 1975 531 2049 reversus
540 1974 778 2047 nobiliffimutn

72 2073 283 2169 triumphum
308 2075 413 2170 egit,
445 2071 607 2143 tredecim
638 2071 781 2143 ducibus

77 2168 224 2243 hostium
249 2169 285 2242 &
302 2193 356 2242 ma
382 2192 427 2239 no
442 2166 700 2261 elephantorum
715 2189 780 2239 nu·

75 2291 169 2340 mero
184 2268 218 2338 iu
234 2193 444 2362 triumpffium
462 2261 578 2337 dudtis.
629 2262 783 2339 Centum

75 2364 383 2464 quadragintaduos
393 2361 577 2436 fuiffedicit
587 2362 712 2436 Plinius
730 2379 747 2422 ²
767 2389 778 2437 ε

74 2466 132 2554 qui
158 2462 250 2535 addit
273 2487 315 2537 ex
341 2467 468 2549 Verrio,
499 2485 556 2533 eos
570 2461 726 2560 pugnasse
742 2464 780 2538 in

76 2561 200 2646 Circo,
225 2560 482 2658 interfectosque
508 2560 621 2655 jaculis
643 2560 781 2658 penuria

77 2659 230 2748 confilii3
253 2660 410 2758 quoniam
426 2680 532 2756 neque
546 2658 588 2730 ali
608 2657 781 2755 placuiffet

78 2781 187 2854 neque
201 2758 317 2829 donari
334 2754 478 2853 regibus.
509 2783 512 2788 ·

125 2868 154 2943 §.
164 2853 213 2928 X.
239 2853 321 2926 Hoc
344 2857 467 2940 etiam,
490 2853 544 2926 vel
558 2851 705 2951 sequenti
721 2861 940 2951 animante:

79 2978 126 3027 no
150 2953 308 3054 Regulus
330 2975 386 3024 ex⁴
406 2951 602 3048 captivitate
624 2934 889 3026 Romanurn
912 2937 943 3010 aa

419 3047 488 3150 ὃς
671 3021 920 3151 uiuusmssss'&

113 3169 454 3254 <numantinum
631 3152 662 3185 ²
789 3109 812 3207 ²
