2002 3554
176 152 335 226 Rnrruu.
367 149 527 225 Ronrn.
548 149 688 226 Linls.
743 144 819 247 437

112 311 304 407 ,questuros
338 312 406 382 Eos
430 310 483 405 Q
514 300 635 381 Fabius
667 314 817 410 rogavit,

113 413 295 498 detuirffent
310 435 347 478 ne
361 435 407 477 ear
422 411 560 505 querelas
583 409 625 477 ad
650 417 684 477 P.
695 416 823 507 Scr'piar

112 505 322 576 .nem³?&
357 529 462 595 curn,
495 506 644 594 detuliffe,
670 508 728 598 sed
743 509 816 597 fau.

114 603 212 696 stra,
250 602 513 697 respondissent,
548 609 816 693 Flaminiumuviir-

114 699 207 771 ,iiam
231 706 357 770 Romam
372 700 610 799 deportandum
637 727 674 770 ac
688 704 819 796 Scipioni

128 802 285 895 imperium
325 797 531 894 abrogandum
571 795 696 869 censuit
715 808 733 866 θ’
759 798 817 893 qui

130 915 294 988 praetcrea
317 897 548 984 accusabatur,
582 897 660 989 quad
683 898 817 987 molliter

129 993 165 1060 rs*
181 994 306 1060 licenter
320 996 454 1063 vivendo
470 1018 587 1062 omnem
595 994 759 1080 militarem
767 993 817 1060 di·

126 1092 291 1187 sciplinam
299 1113 511 1185 corrumperet.
528 1091 621 1186 Ergo
629 1100 668 1158 eii
680 1087 728 1182 Ω
738 1092 819 1160 Me·
835 1100 839 1107 '

130 1187 198 1255 telli
213 1184 370 1257 sententia
385 1187 533 1258 Tribuni
551 1185 729 1281 plebisduo
739 1207 819 1256 cunr

87 1293 96 1298 ”
118 1286 198 1353 -Μ,
227 1287 385 1383 Pomponio
414 1284 600 1373 Praetore,
633 1283 687 1351 cui
711 1282 823 1353 Sicilia

130 1382 301 1474 provincia
327 1377 411 1474 sorte
434 1400 616 1468 evenerat,
649 1378 686 1449 &
701 1378 820 1449 decern
891 1468 895 1474 p

131 1478 231 1572 iegati
263 1475 346 1546 miffi
367 1475 468 1562 sunt,
500 1478 556 1572 qui
582 1474 764 1573 praesentes
778 1474 821 1545 de

121 1570 286 1643 omnibus
304 1574 400 1644 rebus
413 1574 609 1671 judicarent.
627 1572 759 1657 -Abhis,
778 1570 819 1644 sr-
872 1604 875 1609 ·

121 1694 192 1760 -ve,
220 1689 256 1741 ut
274 1672 327 1741 aiii
345 1670 500 1761 tradunt,
525 1671 565 1741 ab
582 1672 651 1768 ipso
665 1671 822 1766 Scipione

121 1768 315 1840 -Picminius
339 1766 567 1841 &seditionis
597 1770 763 1867 principes
785 1769 820 1838 in

131 1884 260 1936 catenas
274 1865 419 1962 conjcsii
434 1865 507 1938 sunt
533 1867 560 1935 b.
606 1868 706 1938 Sacra
719 1887 821 1961 pecu·

133 1963 188 2030 nia
211 1985 229 2029 a
257 1962 423 2032 Pleminio
440 1958 666 2056 militibusqve
680 1965 749 2056 eius
769 1986 821 2030 ra·
869 2050 872 2057 ¹

129 2077 193 2152 pta
217 2055 251 2123 in
277 2054 431 2142 thesauris
453 2057 610 2152 reposita,
645 2057 681 2124 δε
698 2059 825 2132 sacrum

136 2149 298 2248 piaculare
321 2150 465 2222 fabium:
498 2153 585 2248 leges
606 2150 763 2247 denique,
783 2150 826 2226 ,δί

136 2255 273 2319 Senatus
297 2248 517 2320 Locrensibus
533 2246 696 2319 redditus:
722 2247 825 2341 iisque

137 2345 354 2443 permissum,
383 2366 422 2417 ut
446 2347 486 2415 de
512 2345 671 2440 Scipione
692 2343 849 2442 publice·
873 2398 876 2403 .

129 2464 363 2538 quererentur.
405 2442 584 2539 Reliquaa
603 2438 826 2513 Locrensibus

139 2560 236 2637 grato
257 2542 369 2610 animo
383 2562 528 2634 accepta.
554 2541 750 2636 Scipionem
765 2561 825 2610 ex·

138 2634 317 2721 rosarum,
353 2656 389 2706 ut
410 2635 545 2707 lenitate
574 2660 693 2731 magis,
727 2660 828 2732 quarn
944 2644 946 2648 “

129 2731 264 2804 ‘malina
292 2736 325 2804 in
350 2724 578 2804 hac'rcusum.
607 2733 829 2804 Venientibus

141 2825 310 2924 Syracusas
329 2830 447 2924 legatis
462 2852 531 2901 non
546 2828 672 2912 verbis,
708 2827 760 2898 sed
776 2828 827 2898 sa·

83 2958 85 2963 ·
140 2927 203 2998 ens
228 2926 342 3025 Scipio
358 2930 388 3000 ie
405 2927 560 3023 purgavit
576 2951 587 3014 3
618 2949 695 3013 curn
712 2922 831 2997 cunbia

441 3022 546 3122 ΕΗ
745 3020 832 3111 sum!
915 3071 917 3075 >

181 3137 373 3218 aliid.r.19.
412 3141 607 3207 bibinen.
