2002 3554
239 152 308 221 262
459 140 770 219 Hieronis

236 303 394 381 reclinare
421 302 486 377 sese
508 328 622 378 manus
650 303 871 397 adducendo,
905 306 945 388 δι

237 402 342 477 rursus
365 400 562 478 incumbere
576 402 704 478 easdem
721 402 947 502 propellendo

238 500 369 579 docuit.
422 501 475 574 Ita
493 501 627 597 paulum
648 501 750 575 modo
765 526 875 576 veram
886 526 947 577 na·

237 600 447 698 rigationem
464 599 499 669 in
516 601 599 672 mari
616 600 743 696 experti
756 602 856 698 juxta
869 602 944 675 lta·

237 698 300 771 liae
328 697 405 769 litus
419 697 576 863 navipare
593 698 789 795 inceperunt
820 716 848 770 ².
896 700 949 774 At

241 803 301 867 Cn.
319 796 479 866 Cornelius
514 794 645 880 Jonsul,
669 818 769 890 quem
788 796 948 868 reinava·

240 893 264 965 li
283 891 509 993 praefecerant
525 893 783 979 Romani,curn
801 889 947 989 septem·

195 1058 198 1063 .
242 989 352 1065 decim
388 987 527 1063 navibus
558 988 740 1061 Messanam
771 991 841 1083 jam
873 1007 945 1063 erat

242 1087 428 1186 profeeffls:
463 1083 516 1158 sed
538 1110 618 1198 eum
641 1084 710 1184 spes
722 1085 872 1182 capiendi
888 1109 949 1199 per

242 1183 951 1378 iiiiiissffissiiiifffliaiiii:

242 1381 378 1492 appellit
396 1405 407 1467 ;
439 1375 474 1448 &
497 1404 516 1453 a
532 1376 867 1476 Carthaginiensibus
882 1403 950 1476 op·

242 1478 413 1576 primitur.
466 1472 514 1549 Et
530 1475 609 1548 socii
626 1476 759 1574 quidem
776 1475 904 1548 navales
911 1481 948 1551 in

244 1595 366 1648 terram
389 1569 538 1662 evasere,
571 1575 637 1668 ipse
652 1597 732 1645 vero
752 1594 831 1644 cum
849 1576 948 1646 navi·

244 1671 306 1745 bus
323 1688 439 1766 captus
456 1667 517 1740 est.
542 1668 670 1762 Verum
691 1693 809 1765 parurn
827 1669 948 1759 abfuit,

244 1767 325 1862 quin
352 1765 453 1836 etiam
480 1764 648 1836 Hannibal
672 1765 801 1838 claffem
817 1766 952 1842 Roma·

246 1886 324 1937 nam
340 1858 560 1958 cognoscendi
581 1863 720 1959 cupidus
738 1863 949 1937 infimiledi-

244 1959 385 2034 serimen
415 1957 594 2031 inciderett
630 1959 684 2032 sed
699 1959 815 2033 amiffis
831 1961 947 2058 pleris-

243 2078 309 2158 que
325 2057 464 2132 navibus
481 2058 548 2155 ipse
564 2079 675 2130 tamen
700 2059 879 2133 incolumia
912 2085 949 2133 e·

245 2155 338 2231 vafit.
365 2157 504 2230 Interim
521 2155 623 2230 claffis
641 2158 798 2230 Romana
809 2159 882 2253 jam
892 2159 949 2231 Si·

245 2255 340 2327 ciliae
348 2256 675 2353 appropinquaverat
683 2285 694 2340 3
708 2253 842 2351 ejusque
850 2277 948 2351 prae-

243 2350 404 2424 feeiuram
427 2352 510 2422 alter
535 2349 661 2422 Consul
687 2355 829 2422 Duillius
853 2354 887 2422 in
914 2349 948 2423 se

242 2447 434 2540 susceperat.
484 2447 628 2544 Experti
667 2469 778 2520 autem
815 2445 947 2522 fuerant

243 2543 406 2642 prioribus
431 2546 552 2641 pugnis
572 2546 744 2635 Romani,
770 2543 946 2619 navessuas

240 2640 314 2713 rudi
331 2662 432 2736 opere
447 2640 672 2715 construeiasa
682 2641 945 2741 Carthaginien·

245 2737 330 2811 fium
354 2738 490 2812 navibus
503 2739 681 2813 velocitate
698 2742 799 2838 longe
816 2742 948 2836 supera·

115 2846 118 2852 “
242 2838 290 2910 ri:
326 2859 408 2933 ergo
433 2836 580 2909 Duillius
604 2839 772 2912 machinas
795 2837 945 2935 quasdam

51 3256 123 3335 X

241 2934 468 3034 excogitavit,
496 2931 566 3010 five
589 2936 705 3011 afferes
727 2934 835 3012 ferreo
852 2957 945 3005 unco

848 3055 947 3129 praeq

274 3168 291 3227 a
309 3152 442 3234 Polym.
454 3163 477 3214 Ι.
495 3158 570 3217 aab
