2002 3554
235 160 305 260 '352'
446 126 759 229 Hisaom

237 341 293 421 pta
316 319 412 404 lunt3
447 318 499 389 led
526 341 647 406 vacua,
672 340 751 389 cum
769 314 894 391 cuncta
908 318 945 393 in

235 423 337 491 altera
380 416 483 487 castra
523 414 671 487 amoveri
700 419 771 512 jam
801 416 944 491 curallct

237 516 410 592 Hannibal
440 532 465 586 ⁸.
517 514 614 585 Adeo
632 535 746 585 tamen
764 513 854 587 laeta
878 516 942 587 hoc

238 618 364 687 nuncin
379 615 496 683 civitas
513 611 600 700 fuit,
628 632 664 684 ut
681 613 792 708 legem
812 610 943 687 fetente

240 724 303 787 M.
329 716 459 781 Metilio
482 709 642 783 Tribuno
660 709 765 807 plebis
782 708 943 784 Distato·

240 814 284 883 ris
307 808 341 879 ὃ(
367 806 520 902 Magistri
547 810 721 899 equitum,
746 808 841 903 quod
859 832 943 882 nun·

241 932 339 1001 quam
357 926 473 993 antea,
494 907 548 1002 jus
566 905 604 975 lit
619 924 809 1000 aequatum.
861 908 943 979 Sua·

242 1008 377 1091 sorcius
393 1006 474 1099 legis
490 1004 685 1099 praecipuus
700 1022 768 1074 etat
778 1010 813 1073 C.
824 1004 944 1075 Teren·

241 1113 302 1175 tius
330 1106 450 1187 Varro,
475 1102 532 1190 qui
558 1125 644 1171 anno
674 1104 786 1197 priore
807 1103 945 1175 Praetor

240 1202 376 1290 fuerat,
412 1202 462 1269 vir
494 1197 625 1275 sordido
658 1221 812 1293 genere,
850 1220 945 1295 patre

243 1303 368 1395 quippe
392 1299 485 1369 lanio
505 1314 625 1383 m‘tm3
657 1296 709 1366 led
727 1295 766 1365 ad
784 1294 945 1368 Consula-

246 1416 298 1467 ως
323 1396 413 1493 spem
440 1419 552 1465 auram
582 1394 701 1464 lavnris
717 1394 886 1489 popularis
901 1417 945 1467 ex

244 1494 428 1567 Diei-tatoris
446 1494 569 1563 invidia
589 1512 714 1583 petens.
764 1490 944 1582 Dictator,

244 1594 419 1688 postquam
436 1591 470 1661 in
487 1589 591 1661 callia
607 1590 761 1677 advenit,
784 1588 946 1680 obtinuit,

243 1714 283 1762 ut
307 1691 453 1783 legiones
477 1686 560 1757 ficut
591 1685 777 1758 Consulum
801 1710 875 1759 mos
896 1684 947 1757 es·

242 1786 310 1872 set,
333 1790 417 1854 inter
431 1783 461 1852 l‘e
478 1783 682 1867 dividerent,
716 1784 826 1855 locum
845 1805 944 1853 nem-

243 1911 285 1982 pe
306 1881 453 1951 remedio
471 1906 647 1975 quaerens,
673 1881 784 1977 saquid
797 1880 947 1954 Minucii

244 1982 432 2055 temeritate
461 1980 630 2051 turbatum
647 1982 744 2052 foret.
778 1978 948 2052 Hannibal

242 2083 351 2154 {latim
388 2078 527 2149 eandem
564 2081 788 2150 temeritatem
813 2098 948 2174 captans

241 2180 348 2261 milit,
376 2179 431 2271 qui
457 2175 622 2249 tumulum
648 2180 734 2248 inter
758 2174 828 2247 duo
845 2174 948 2249 castra

242 2279 390 2349 medinm
416 2294 644 2370 occuparent,
677 2274 827 2367 quinque
844 2273 948 2359 milliff

240 2375 302 2445 bns
315 2373 483 2468 peditum,
509 2370 945 2465 equitumquelatebrisop·

221 2492 388 2566 noi-mne
421 2468 538 2537 abditis
567 2468 594 2536 b.
648 2469 696 2540 lta
731 2492 846 2565 pugna
874 2490 948 2541 orta

242 2570 390 2662 primum
413 2564 483 2635 latis
509 2566 594 2637 bene
615 2592 663 2637 res
680 2568 847 2638 Romanis
867 2591 946 2662 pro·

242 2663 396 2734 cedebat:
430 2663 481 2732 led
515 2668 641 2737 exortis
655 2682 792 2760 repente
809 2663 944 2736 infidia·

167 2791 170 2796 ·
240 2761 366 2835 toribus
392 2762 492 2829 :mimi
520 2763 685 2833 Romanis
707 2761 843 2855 collapsi
860 2760 943 2831 sunt.

208 2909 210 2913 -
238 2861 333 2931 Tmn
359 2860 494 2928 demum
519 2859 641 2932 Fabius
666 2884 743 2932 cum
761 2858 944 3026 suisleffiio·

156 2966 158 2971 ⁴
237 2958 332 3030 nibus
361 2979 532 3027 accurrens
566 2958 741 3030 victoriam
759 2956 871 3030 Hanni
898 2953 944 3028 ali

903 3051 947 3127 de

242 3186 245 3193 '
276 3176 404 3259 a-Palab.
423 3185 456 3241 Ι..
469 3185 519 3243 111.
536 3192 628 3254 tant„
656 3177 761 3241 *alim
777 3171 928 3252 titillant&
