2002 3554
129 173 291 248 Rnrrun.
313 153 637 248 Romuliav.
689 187 761 268 505
877 175 897 251 ’,

58 336 243 425 militabat,
277 333 403 406 cladem
435 349 461 404 θ.
512 335 647 432 Regiae
669 332 757 412 claffi

57 453 204 527 praeerat
248 433 442 529 Polyxenidas
473 431 551 502 exul
584 433 753 508 Rhodiust
796 475 798 481 ·

58 531 132 604 Hic
159 531 370 624 Paufistratum
384 538 396 622 (
410 531 640 622 Paufimachum
658 550 757 604 vocat

62 629 235 723 Appianus
275 651 360 699 voce
391 625 535 722 ejusdem
568 625 759 723 potestatis)

62 723 161 796 claffis
194 724 350 796 Rhodiae
379 722 587 820 *praefettum
620 721 760 820 superbe

59 821 218 917 quaedam
248 821 337 894 de‘se
352 824 588 894 concionatum
604 845 665 919 per
681 823 757 893 lite·

60 944 110 991 ras
133 920 293 1016 appellat,
318 917 354 991 ὃ(
369 920 497 990 claffem
515 921 641 1016 regiam
656 918 757 990 tradi·

61 1036 174 1089 turum
201 1018 263 1088 elle
294 1017 494 1112 pollicetur;
525 1017 654 1088 nullum
667 1014 762 1088 aliud

60 1116 207 1209 pretium
231 1116 314 1185 tanti
336 1115 465 1198 meriti,
491 1138 589 1210 quam
611 1112 759 1186 reditum

59 1212 94 1281 in
126 1214 264 1306 patriam
287 1208 420 1307 padum
444 1208 614 1309 fidemque
632 1209 761 1283 tabellis

60 1310 156 1405 signo
183 1309 239 1378 suo
262 1307 420 1404 impreffis
445 1308 565 1380 munit.
615 1305 665 1379 Ea
691 1305 787 1401 fide.

63 1428 197 1504 accepta
212 1405 424 1504 negligenter
437 1407 550 1478 omnia
565 1426 665 1501 agere
674 1405 759 1477 Pau·

64 1502 224 1576 fistratus:
251 1501 287 1574 &
302 1504 381 1576 licet
396 1518 415 1575 a
428 1504 597 1600 transfuga
612 1503 762 1574 monitus

61 1601 161 1687 estet,
193 1602 306 1672 omnia
339 1599 488 1674 fimulate
503 1623 601 1696 agere
617 1599 762 1696 Polyxe-

60 1697 184 1783 nidam,
223 1699 258 1769 in
279 1695 408 1773 infidias
430 1692 582 1795 delapsus'
595 1693 766 1769 interfici*

61 1816 137 1881 tur,
174 1798 316 1869 maxima
346 1817 439 1891 parte
472 1797 606 1870 navium
637 1793 775 1867 amissa*

61 1891 178 1990 anue
193 1893 299 1966 clades
312 1896 412 1966 etiam
429 1894 595 1983 Livium,
621 1894 678 1988 qui
690 1894 759 1990 jam

62 1988 131 2059 fere
146 2013 225 2061 curn
245 1989 416 2082 Abydenis
430 1992 471 2059 de
488 1994 570 2061 urbe
592 2013 707 2060 eorum
717 1986 760 2058 fi·

61 2084 98 2154 bi
125 2084 281 2156 tradenda
305 2105 528 2171 convenerat,
551 2082 761 2154 obsidionem
864 2158 866 2163 ,
992 2160 995 2169 ,

62 2205 136 2252 eam
150 2180 332 2276 relinquere
346 2180 461 2276 coligit
480 2181 497 2238 b
517 2207 526 2251 :
552 2177 763 2250 &monsue-

63 2278 179 2350 cessori
197 2277 255 2350 suo
284 2283 324 2347 L.
344 2279 485 2348 Aemilio
511 2276 630 2374 Regillo
648 2275 761 2348 navale

63 2377 241 2471 imperium
260 2373 396 2452 traditu
415 2399 425 2446 ε
451 2364 763 2468 &cumpaucisna

64 2473 161 2546 vibus
178 2475 212 2543 in
233 2478 359 2571 Lyciam
380 2471 489 2545 miffus
507 2483 635 2561 Patara,
659 2489 765 2568 caput

65 2571 195 2667 gentis,
206 2568 321 2641 frustra
329 2571 472 2642 tentavit
490 2571 511 2630 d
528 2595 537 2642 :
556 2567 762 2667 quodetiam

65 2665 129 2764 ipfi
154 2668 302 2740 Aemilio
324 2667 482 2764 contigit.
530 2668 657 2740 Aderat
673 2663 764 2738 hisce

66 2763 337 2860 expeditionibus
375 2764 475 2834 etiam
517 2767 597 2838 Rex
638 2765 763 2836 Eume·

66 2885 123 2934 nes
142 2877 158 2918 e
180 2887 190 2933 ε
214 2883 318 2958 eaque
336 2859 511 3026 οεῖᾳίῐοηε
525 2860 598 2936 usus
607 2861 764 3028 Seletffius

406 2980 416 3026 1
435 2979 460 3052 ,ς
592 2996 593 3000 =
728 2978 779 3027 nr

105 3111 121 3153 a
140 3076 203 3156 raia.
220 3114 293 3157 nro.
331 3094 350 3155 b
368 3093 430 3152 ibid.
449 3113 472 3158 c.
485 3112 531 3156 rr..
559 3069 596 3156 ⁶c
616 3092 679 3159 ibid.
698 3113 719 3158 a.
727 3098 772 3175 14.¹

102 3168 521 3241 duu.o.1a.euu.c.18.
610 3254 617 3265 ·
710 3173 717 3179 '
