2002 3554
14 168 22 181 “
140 159 293 240 Remus.
315 130 480 241 Routu.
506 147 648 240 Lmli.
699 160 772 267 187

17 414 19 422 Ι
69 325 317 421 &susceptum
347 347 426 397 cum
453 324 654 400 Samnitibus
666 348 772 426 grave

67 423 214 513 bellum,
241 421 362 494 multos
387 419 580 494 asocietate
596 426 769 514 Romano·
903 437 928 491 ².

66 546 144 595 rum
171 519 329 594 avertiffe.
355 519 403 594 Et
419 521 622 594 Privernates
637 524 773 620 quidem

67 618 281 709 acAVolsci‚
313 620 368 715 qui
404 618 627 704 defecerant,
662 619 770 695 statim

14 746 17 751 ·
66 714 264 804 suntvietia
296 715 479 816 foedusque
504 742 585 790 cum
608 718 771 792 Samniti·

42 885 47 895 ,
68 812 130 886 bus
142 835 337 895 renovatum
356 813 415 889 est.

115 917 218 1000 §.HL
246 913 311 988 Sed
331 916 439 1012 major
454 912 534 987 belli
550 910 730 1010 tempestas
745 938 764 989 a
777 920 802 984 §·
815 937 841 998 3·
865 930 906 986 ne

63 1007 193 1086 Latinis
213 1012 427 1109 ingruebat:
476 1013 641 1084 Samnites
670 995 829 1084 enirn⁶f¹¹⁰
847 1007 899 1058 ta-
976 1021 978 1025 ’

64 1128 181 1182 contra
199 1109 366 1184 Sidicinos
379 1088 850 1213 profefitiinatQmeosffi
858 1168 912 1230 4¹3

60 1206 276 1304 redegeranta
300 1226 446 1301 cumque
469 1208 617 1280 Romani
644 1204 767 1280 horum
847 1194 853 1212 ’
916 1198 924 1214 '

59 1301 269 1379 deditionem
278 1301 539 1400 aspernarentur,
555 1301 687 1378 Latinis
697 1308 762 1400 jam
850 1313 855 1321 '

60 1399 117 1471 sua
140 1401 260 1500 sponte
283 1397 320 1471 in
344 1422 436 1473 arma
451 1399 762 1476 motissetradide-

12 1552 19 1565 t
59 1516 141 1567 runt
160 1515 203 1586 ²3
230 1522 272 1569 ne
295 1498 474 1596 Campanis
496 1497 633 1598 quidem
658 1497 690 1570 se
716 1502 760 1574 iis

58 1595 159 1667 armis
182 1594 429 1669 abstinentibus.
472 1595 566 1696 Ergo
590 1597 626 1669 hi
643 1620 760 1670 omnes

56 1690 157 1764 fimul
180 1693 341 1767 Samnites
364 1693 570 1768 adoriuntur.
620 1695 677 1767 Re
702 1720 759 1770 au·

29 1815 36 1826 =
58 1807 128 1860 tem
145 1815 222 1863 vern
238 1791 437 1865 Latinorum
454 1794 623 1890 principes
639 1795 755 1866 occul·

56 1905 93 1957 te
108 1887 305 1987 Romanum
320 1890 510 1986 coquebant
527 1891 675 1964 bellumt
700 1893 756 1966 sed

56 1983 170 2057 omnia
193 1985 321 2059 summo
336 1986 445 2059 studio
468 1989 638 2060 occultare
653 2012 755 2062 cona·
816 2033 820 2044 ·

53 2078 192 2170 bantur,
215 2103 252 2154 ut
271 2081 458 2179 priusquam
472 2085 622 2157 Romani
639 2108 757 2156 move·

54 2197 189 2270 rentur,
215 2181 399 2253 Samnitem
414 2178 543 2252 hostem
557 2182 758 2274 atergotol·
802 2250 804 2254 ,

54 2275 173 2349 lerent.
223 2277 350 2350 Indicia
377 2297 488 2348 tamen
520 2279 760 2369 coniurationis
902 2286 905 2290 ’

52 2371 203 2446 Romam
221 2395 424 2448 emanarunt.
452 2373 649 2450 Etfiautem
663 2374 756 2448 defe-

51 2465 123 2542 etio
139 2470 226 2544 haud
242 2469 342 2547 dubia
356 2495 443 2562 erat,
469 2495 581 2547 tamen
590 2475 755 2562 Romani,

50 2585 209 2666 tanquam
234 2577 276 2644 de
300 2573 523 2660 Samnitibus,
548 2596 617 2645 nnn
638 2571 747 2661 dese,

51 2687 166 2740 curam
183 2690 339 2766 agerent,
362 2670 480 2746 decem·
496 2672 662 2770 principes
680 2671 749 2742 La·

49 2763 198 2837 tinorum
223 2769 372 2840 Romam
397 2779 598 2859 evocarunt,
626 2765 749 2858 quibus
860 2800 862 2803 ’

47 2858 285 2958 imperarent,
317 2886 401 2960 quae
431 2866 564 2937 vellent.
614 2866 747 2941 Verum

47 2980 128 3034 cum
153 2958 280 3036 Consul
297 2964 445 3035 Manlius
459 2984 538 3035 cum
555 2960 594 3034 iis
606 2959 741 3059 egiffet,

699 3081 743 3133 ne

82 3177 181 3242 autu.
199 3185 230 3242 L.
241 3185 315 3242 7111.
332 3199 354 3240 c.
367 3196 398 3249 2.
