2002 3554
148 148 223 217 29⁰
375 114 686 193 Hrsronu
809 154 815 161 ·

150 281 314 364 observat.
345 278 475 356 Consul
491 281 662 366 omnium,
695 303 781 378 quae
796 279 867 357 suis

149 380 357 468 accidissent,
386 377 646 476 ignarirs'secure
660 377 863 478 adnavigat:

151 490 298 650 eumpue
315 475 379 577 ipfi
396 477 504 550 statim
521 475 658 553 obviam
666 473 866 553 faetuseffet

177 603 230 652 rae
246 575 339 651 estus
366 575 590 667 Poenomm,
616 598 714 648 naves
731 574 803 648 suas
819 576 865 650 ad

151 604 228 751 fbca
251 669 360 773 aspera
388 671 515 761 Consul
544 673 656 771 ejicit,
679 674 779 746 neiis
796 699 865 772 pq·

152 776 297 848 tirentur
322 763 623 870 Crirthrginiensci.
651 773 792 869 ,Atque
813 770 865 845 ibi

37 904 44 919 ·
152 872 255 970 paulo
278 867 352 966 post
375 890 492 959 coorta
515 865 714 974 rempestatc
730 870 777 941 ita
795 870 864 941 mi·

154 968 223 1042 sere
262 968 497 1041 Rornanorum¹
535 989 636 1039 naves
670 962 864 1038 confraffic

154 1066 248 1153 sunt,
277 1080 374 1139 utne
392 1064 502 1138 tabula
519 1061 656 1163 qui'dem
672 1063 769 1137 ullius
786 1061 864 1138 usus

154 1162 375 1260 ena'ufragio
405 1162 581 1260 superaret.
630 1164 748 1259 Itaque
791 1163 861 1260 jam

63 1324 66 1331 .
156 1258 264 1335 rursus
287 1261 384 1333 maris
408 1256 597 1334 domir'riur'r'r
611 1259 710 1358 plene
725 1257 861 1332 obtine·

155 1356 235 1431 bant
258 1359 364 1431 Poeni
380 1351 394 1427 .·'
427 1355 574 1431 Consule
589 1379 722 1449 tamen,
747 1375 786 1429 ut
800 1356 860 1450 ali·

155 1453 238 1555 quid
273 1453 509 1528 memorabssis·
538 1454 692 1545 facinoris
724 1453 863 1549 ederet,

156 1558 288 1655 Eryrem
305 1571 456 1625 montem
466 1551 628 1627 &urbem
636 1550 781 1631 Veneris
788 1553 863 1626 cul·

158 1647 197 1720 t'u
212 1645 419 1720 clariffimam
438 1649 473 1719 in
489 1651 687 1746 potestatem
704 1649 862 1746 redigen·

158 1752 194 1815 t'e
232 1760 260 1817 ³.
312 1744 396 1816 Hoc
411 1764 524 1816 tamen
541 1746 608 1818 no'n
624 1745 754 1844 profuit
775 1728 838 1847 ipfi
848 1800 861 1834 ,

156 1839 238 1936 quin
251 1838 291 1911 ad
311 1834 480 1938 Populr‘lm
496 1845 664 1917 accusatur
672 1841 863 1946 damnatio:

157 1935 209 2008 nis
232 1934 405 2010 infamiam
428 1937 617 2024 voluntaria
642 1962 753 2015 morte
768 1935 863 2041 prac'·

156 2033 271 2106 venire
287 2033 422 2109 coastus
437 2035 553 2125 fuerit,
581 2038 621 2112 In
640 2038 861 2138 Gliciaepor·

158 2154 199 2204 ro
230 2157 289 2231 per
309 2133 489 2208 ludibrium
508 2136 693 2226 Drrtatoris
708 2136 789 2211 farri
809 2138 863 2211 lo·

158 2252 238 2302 cum
263 2227 416 2305 suffe&us
442 2233 489 2306 est
512 2236 556 2307 A.
581 2233 703 2308 Atilius
734 2233 864 2307 Calati-

159 2339 252 2419 nus,
277 2331 334 2424 qui
361 2338 481 2427 primus
520 2332 664 2403 Distator
693 2327 864 2402 exercitari

159 2446 251 2493 exrra
278 2429 408 2497 Italiam
429 2428 542 2499 duxit:
574 2427 627 2501 sed
643 2426 744 2517 nihil,
769 2427 864 2526 quod

157 2521 337 2591 memorari
346 2545 528 2614 mereatur,
554 2525 669 2624 geffit:
695 2520 862 2600 ficettan·

157 2630 189 2685 ta
213 2616 396 2692 animarum
422 2624 603 2719 pertinacia
627 2622 701 2722 post
730 2643 787 2698 tot
802 2624 864 2699 da·

156 2733 234 2783 mna
258 2712 382 2789 bellum
409 2711 601 2815 reparassent
626 2716 795 2803 Romani,
825 2743 863 2795 ut

156 2810 322 2900 quendam
340 2815 375 2886 in
391 2815 515 2888 Senatu
529 2818 571 2889 de
586 2821 669 2916 p'ace
688 2842 766 2891 curn
780 2814 861 2891 Car‘·

156 2905 417 3007 thaginiensrbus
451 2911 601 2989 facienda
628 2916 721 3015 loqui
745 2914 861 2989 ausum

440 3028 443 3033 ·
765 3014 862 3087 σεσί-

192 3129 208 3177 r
227 3117 315 3198 mrb·
335 3117 469 3204 1ξ.σ.ςς.
