2048 3526
175 133 333 205 Rernun.
356 130 515 206 Roman.
540 127 611 202 Lru
631 127 680 202 V.
729 121 795 222 581

107 312 210 366 tatem
238 290 447 389 conjecillet,
473 288 627 362 miserum
644 287 804 362 trecentis

108 393 172 462 illis
187 391 317 460 talentis
331 387 537 460 defraudavit
562 404 589 457 ².
623 390 734 482 Atque
743 389 800 473 ita,

110 507 182 558 turn
201 485 366 570 Romani,
391 504 465 556 tum
479 482 803 580 Perseuspartes‘suat

109 582 243 655 firmare
257 581 469 655 conabantur.
505 583 630 653 Achaei
648 581 687 652 ad
705 578 801 652 Con·

109 681 210 753 lulcm
243 681 319 752 anni
339 677 499 775 sequentis
523 686 686 750 Marcium
711 679 804 772 lega·

111 800 181 865 tos,
206 777 242 850 &
258 782 343 851 inter
350 777 517 874 eosiplunr
527 778 721 874 Polybium,
737 775 805 845 rn‘i·

88 874 221 965 ,serunt
238 876 255 934 b
275 872 506 963 sciscitatum,
518 910 527 943 κ
556 925 578 959 ,,
602 873 752 970 quand0,
767 869 807 941 δί

111 1023 138 1064 „
162 975 220 1046 ubi
239 975 462 1053 „Achaeorum
486 972 608 1044 auxilia
622 972 684 1046 suis
700 969 808 1066 copiis

112 1121 139 1162 ‚‚
165 1070 378 1154 commiscere
392 1071 516 1144 vellet:
545 1075 588 1141 ‘f—
619 1068 807 1165 quolabore

116 1171 154 1243 ἃ
170 1169 302 1263 brmptu
323 1191 378 1239 eos
401 1168 528 1257 Consul
546 1168 690 1253 levavit3
715 1162 807 1261 quod

115 1266 266 1363 perculso
282 1269 345 1351 iam
367 1264 483 1339 Perseo
500 1265 583 1337 nihil
597 1267 733 1357 amplius
747 1286 806 1335 au·

116 1365 204 1436 xiliis
226 1364 389 1435 sociorur'n
417 1388 500 1460 opus
522 1364 620 1435 foret.
672 1359 808 1434 Rhodii

117 1484 225 1546 vero,
249 1459 297 1541 ‚&
325 1458 364 1530 ad
381 1459 561 1533 Consulem
581 1477 627 1545 ὓ,
652 1461 694 1530 δί’
708 1456 758 1527 ad
767 1463 809 1527 0.·

118 1561 297 1642 *Marciani
311 1559 457 1652 Figulum
468 1556 569 1629 claffis
586 1552 811 1639 Praeledlunt,

119 1653 158 1723 ὃ(
176 1653 318 1750 denique
334 1654 482 1731 Romam
495 1654 626 1749 legatos
641 1651 811 1740 miserunt,

117 1752 176 1849 qui
193 1750 427 1824 &amicitiant
442 1775 519 1824 curn
537 1752 668 1848 Populo
685 1754 814 1824 Roma·

118 1874 166 1920 no
183 1869 394 1938 renovarent,
420 1849 456 1921 ὃ(
472 1848 710 1933 accusationes,
736 1848 814 1942 qui·

117 1945 181 2018 bus
206 1945 452 2030 onerabantur,
483 1946 656 2018 diluerent.
707 1944 816 2016 Utro·

121 2043 226 2140 bique
252 2044 394 2115 comiter
411 2043 545 2138 excepti
561 2045 686 2113 nuncio
704 2059 825 2110 tamen-

121 2139 182 2213 suo
210 2143 338 2212 animos
360 2137 580 2211 Rhodiorum
595 2141 682 2209 varie
696 2133 818 2206 affece·

102 2256 218 2310 runt.
245 2235 433 2312 Senioribus
455 2236 545 2307 enirn
568 2255 663 2335 grata
689 2233 819 2304 Roma-

123 2332 821 2432 norumbenignitasaccedebatzrerumnoa

126 2455 243 2504 varum
259 2432 387 2528 cupidis
403 2432 549 2504 animum
559 2431 715 2514 addebat,
739 2451 824 2524 qua·

129 2529 156 2602 si
173 2553 216 2600 ex
233 2529 433 2601 conscientia
452 2552 561 2601 rerurn
574 2532 739 2613 minusex
753 2528 824 2597 ani·

132 2629 180 2700 mi
199 2626 357 2708 sententia
371 2626 536 2699 Romanis
558 2627 827 2724 provenientium

131 2726 223 2808 haec*
248 2725 389 2794 comitas
423 2727 602 2796 eveniret:
635 2719 824 2820 praesertim

133 2821 308 2919 postquam
342 2843 425 2892 unus
447 2821 634 2918 legatorum
658 2821 830 2922 Agefipolis

439 2919 608 3014 003·
721 2938 828 3009 priva·-
934 3011 936 3016 Ι

146 3109 149 3116 .
169 3077 186 3119 a
204 3062 275 3123 Plut.
294 3071 327 3119 Ρ.
339 3067 419 3127 Arm.
431 3072 457 3134 p.
472 3080 509 3120 m.
525 3057 591 3121 261.
626 3055 645 3119 b
663 3049 748 3138 {abb
766 3050 794 3115 d.
809 3049 831 3130 l·

131 3130 216 3221 md.
253 3135 373 3216 crona.
392 3133 456 3218 ibid.
473 3133 554 3218 andeg
597 3180 607 3200 ,a
