2002 3554
124 143 287 218 Rerrua.
313 140 469 216 Ronnn.
491 99 635 215 [mu.
688 146 757 239 39?

52 303 227 405 postquam
247 302 391 376 obsideri
412 299 593 398 coepisset}
629 303 663 375 in
683 318 749 401 qua

55 401 194 501 praedae
220 421 350 473 tantum
372 398 465 486 fuit,
495 419 657 492 quantum
668 464 675 471 .,
688 403 749 474 vi'x

58 519 157 595 capta
191 497 399 596 Carthagine
433 494 567 567 fuisset:
601 495 750 594 illudque

57 599 206 694 primum
233 596 366 667 initium
384 592 524 665 mirandi
545 591 750 664 Graecarum

56 694 178 775 artium
194 717 295 790 opera
310 691 478 766 Romanis
486 689 551 762 fuit
568 707 602 762 a.
627 690 751 761 Archi·

57 789 170 877 medes
192 789 314 883 dicitur
332 792 367 861 in
386 789 456 886 ipso
470 788 617 861 tumultu
633 805 750 883 captae

60 888 151 960 urbis
165 887 310 974 formis,
333 911 411 984 quas
429 887 463 956 in
478 885 615 982 pulvere
628 882 751 957 descri-

57 984 179 1084 pserat,
206 985 352 1058 intentus
368 982 409 1056 ab
427 985 545 1079 ignaro
562 983 668 1056 milite
678 981 752 1079 quis
788 987 791 991 ’

59 1083 158 1171 effet,
183 1081 376 1156 interfectus
392 1079 506 1167 fuisse3
531 1103 628 1178 aegre
644 1078 752 1153 feren·
811 1105 813 1111 ·

60 1199 96 1252 te
124 1179 287 1252 Marcello
314 1178 561 1268 &memoriam
580 1181 650 1273 ejus
671 1200 757 1276 pro-¹

59 1276 269 1377 pinquosque
293 1276 504 1348 honorante:
538 1277 665 1372 quippe
697 1273 756 1370 qui

57 1379 130 1474 jam
156 1394 249 1445 antea
275 1369 451 1461 edixerat,
490 1390 528 1444 ut
556 1373 659 1467 capiti
686 1374 756 1470 ejus

27 1553 32 1563 Ι,
60 1490 252 1570 parceretur
278 1470 308 1544 b,
351 1468 516 1567 Syracufis
534 1471 638 1564 captis
655 1467 758 1565 legati
828 1534 831 1538 .

64 1593 108 1641 ex
136 1569 229 1640 omni
244 1568 357 1644 „ferme
371 1569 482 1642 Sicilia
499 1565 582 1639 miffi
597 1565 638 1638 ad
662 1568 759 1639 Mar-

63 1665 185 1749 cellum
209 1685 381 1741 venerunt.
431 1664 624 1754 Civitates,
656 1687 758 1762 quae,

10 1808 12 1813 ·
67 1781 125 1842 aut
146 1787 216 1836 non
232 1763 452 1854 desciverant,
478 1784 535 1836 aut
552 1785 630 1837 ante
645 1781 757 1861 captas

63 1859 236 1954 Syracusas
259 1865 293 1936 in
312 1863 495 1936 amicitiam
510 1862 693 1952 redierant,
717 1875 775 1934 ut·

65 1958 146 2030 socii
162 1958 274 2031 fideles
289 1952 439 2056 accepti:
466 1982 549 2053 quos
567 1981 675 2031 metus
684 1958 760 2054 post
849 1964 852 1973 '

70 2072 182 2149 captas
208 2054 382 2151 Syracusas
395 2052 591 2137 dediderat,
625 2073 663 2124 ut
678 2052 762 2126 vieti

66 2149 543 2250 avidiorelegesacceperunt.
569 2149 761 2226 lndeetianr

68 2249 273 2324 Hannonem
298 2248 334 2321 δε
359 2245 549 2346 Epicydem
564 2245 688 2319 beilum
707 2269 760 2329 re·

65 2367 216 2458 parantes
242 2345 354 2419 fundit
371 2370 383 2436 3
414 2343 451 2417 &
466 2341 575 2420 vidtur
590 2343 759 2444 Syracusas

66 2463 259 2519 revertitur.¹
400 2509 404 2516 .
636 2493 658 2517 -.

74 2604 78 2610 .
119 2557 146 2623 5.
162 2539 286 2614 XXX.
321 2541 363 2614 In
392 2540 575 2639 Hispania5
608 2541 667 2614 ubi
705 2544 907 2639 per§.30.uer⁵'

70 2637 243 2711 biennium
276 2639 361 2713 nihil
392 2639 572 2714 admodum
603 2634 916 2714 memoriaflr'srw'u·

70 2734 213 2832 dignum
237 2757 308 2809 erat
339 2735 476 2834 gestum
491 2753 507 2795 c
525 2783 547 2817 ,κ
572 2737 764 2832 Scipiones,

70 2856 150 2906 cum
170 2834 308 2931 triginta
325 2832 429 2907 millia
444 2832 695 2908 Celtiberorum
705 2831 767 2904 fibi

372 2965 376 2973 ¹
690 2951 768 3024 lun·

23 3140 29 3153 ,
108 3087 132 3131 u·
144 3072 208 3134 uid.
226 3088 280 3150 a3.
320 3071 338 3131 b
357 3071 413 3133 ναὶ.
435 3081 515 3133 Max.
534 3078 716 3144 L.V111.a.7.
735 3087 767 3126 tx

70 3162 98 3231 t·
116 3147 188 3234 uun
198 3148 313 3235 autari·
321 3163 348 3229 r·
357 3149 423 3236 aad.
459 3148 779 3237 creatuturam
