<?xml version="1.0" encoding="UTF-8"?>
<!DOCTYPE html PUBLIC "-//W3C//DTD XHTML 1.0 Transitional//EN"
    "http://www.w3.org/TR/xhtml1/DTD/xhtml1-transitional.dtd">
<html xmlns="http://www.w3.org/1999/xhtml" xml:lang="en" lang="en">
 <head>
  <title>
</title>
<meta http-equiv="Content-Type" content="text/html;charset=utf-8" />
  <meta name='ocr-system' content='tesseract 3.04.00' />
  <meta name='ocr-capabilities' content='ocr_page ocr_carea ocr_par ocr_line ocrx_word'/>
</head>
<body>
  <div class='ocr_page' id='page_1' title='image "./historiareipubl00nieugoog/historiareipubl00nieugoog_0478.png"; bbox 0 0 2002 3554; ppageno 0'>
   <div class='ocr_carea' id='block_1_1' title="bbox 10 40 767 278">
    <p class='ocr_par' dir='ltr' id='par_1_1' title="bbox 10 40 767 278">
     <span class='ocr_line' id='line_1_1' title="bbox 10 40 111 131; baseline 0 0"><span class='ocrx_word' id='word_1_1' title='bbox 10 40 39 127; x_wconf 83' lang='lat' dir='ltr'><strong>l.</strong></span> <span class='ocrx_word' id='word_1_2' title='bbox 108 119 111 131; x_wconf 88' lang='lat'>.</span> 
     </span>
     <span class='ocr_line' id='line_1_2' title="bbox 10 134 767 278; baseline -0.005 -20"><span class='ocrx_word' id='word_1_3' title='bbox 10 134 19 225; x_wconf 44' lang='grc' dir='ltr'><strong>ἑ·</strong></span> <span class='ocrx_word' id='word_1_4' title='bbox 110 169 624 259; x_wconf 52' lang='grc' dir='ltr'><strong>ΒειρυΗοΜΑΝῶιιῐΙ.</strong></span> <span class='ocrx_word' id='word_1_5' title='bbox 681 145 767 278; x_wconf 58' lang='grc' dir='ltr'><strong>ᾖξ’</strong></span> 
     </span>
    </p>
   </div>
   <div class='ocr_carea' id='block_1_2' title="bbox 10 341 751 437">
    <p class='ocr_par' dir='ltr' id='par_1_2' title="bbox 10 341 751 437">
     <span class='ocr_line' id='line_1_3' title="bbox 10 341 751 437; baseline 0.001 -20"><span class='ocrx_word' id='word_1_6' title='bbox 10 342 13 347; x_wconf 71' lang='grc'><strong>’</strong></span> <span class='ocrx_word' id='word_1_7' title='bbox 54 359 125 418; x_wconf 88' lang='lat' dir='ltr'><strong>tem</strong></span> <span class='ocrx_word' id='word_1_8' title='bbox 142 345 265 436; x_wconf 84' lang='lat' dir='ltr'><strong>repulit</strong></span> <span class='ocrx_word' id='word_1_9' title='bbox 284 359 300 399; x_wconf 80' lang='lat'><em>²</em></span> <span class='ocrx_word' id='word_1_10' title='bbox 322 341 555 437; x_wconf 78' lang='lat' dir='ltr'><strong>;,putavitque</strong></span> <span class='ocrx_word' id='word_1_11' title='bbox 577 341 701 417; x_wconf 88' lang='lat' dir='ltr'><strong>cladem</strong></span> <span class='ocrx_word' id='word_1_12' title='bbox 709 343 751 417; x_wconf 87' lang='lat' dir='ltr'><strong>ad</strong></span> 
     </span>
    </p>
   </div>
   <div class='ocr_carea' id='block_1_3' title="bbox 56 437 790 906">
    <p class='ocr_par' dir='ltr' id='par_1_3' title="bbox 56 437 790 829">
     <span class='ocr_line' id='line_1_4' title="bbox 56 437 790 535; baseline -0.003 -21"><span class='ocrx_word' id='word_1_13' title='bbox 56 443 189 514; x_wconf 86' lang='lat' dir='ltr'><strong>Cannas</strong></span> <span class='ocrx_word' id='word_1_14' title='bbox 203 459 373 532; x_wconf 84' lang='lat' dir='ltr'>acceptam</span> <span class='ocrx_word' id='word_1_15' title='bbox 390 437 473 509; x_wconf 84' lang='lat' dir='ltr'><strong>hosti</strong></span> <span class='ocrx_word' id='word_1_16' title='bbox 494 437 585 509; x_wconf 86' lang='lat' dir='ltr'>reddi</span> <span class='ocrx_word' id='word_1_17' title='bbox 600 443 754 535; x_wconf 60' lang='lat' dir='ltr'><strong>potuisse2</strong></span> <span class='ocrx_word' id='word_1_18' title='bbox 786 452 790 463; x_wconf 81' lang='grc'><strong>“</strong></span> 
     </span>
     <span class='ocr_line' id='line_1_5' title="bbox 57 534 750 617; baseline 0 -7"><span class='ocrx_word' id='word_1_19' title='bbox 57 540 83 610; x_wconf 88' lang='lat' dir='ltr'><strong>sr</strong></span> <span class='ocrx_word' id='word_1_20' title='bbox 98 538 258 610; x_wconf 88' lang='lat' dir='ltr'><strong>Claudius</strong></span> <span class='ocrx_word' id='word_1_21' title='bbox 277 534 374 610; x_wconf 88' lang='lat' dir='ltr'><strong>Nero</strong></span> <span class='ocrx_word' id='word_1_22' title='bbox 392 534 750 617; x_wconf 73' lang='lat' dir='ltr'><strong>nodiucircumireho·</strong></span> 
     </span>
     <span class='ocr_line' id='line_1_6' title="bbox 56 633 753 735; baseline 0.009 -30"><span class='ocrx_word' id='word_1_23' title='bbox 56 634 156 707; x_wconf 91' lang='lat' dir='ltr'><strong>stium</strong></span> <span class='ocrx_word' id='word_1_24' title='bbox 189 660 310 735; x_wconf 83' lang='lat' dir='ltr'><strong>agmen</strong></span> <span class='ocrx_word' id='word_1_25' title='bbox 339 633 435 729; x_wconf 76' lang='lat' dir='ltr'><strong>juiius</strong></span> <span class='ocrx_word' id='word_1_26' title='bbox 451 634 602 709; x_wconf 88' lang='lat' dir='ltr'><strong>mandata</strong></span> <span class='ocrx_word' id='word_1_27' title='bbox 617 633 753 733; x_wconf 84' lang='lat' dir='ltr'><strong>exsequi</strong></span> 
     </span>
     <span class='ocr_line' id='line_1_7' title="bbox 56 731 351 829; baseline 0.017 -27"><span class='ocrx_word' id='word_1_28' title='bbox 56 733 224 829; x_wconf 76' lang='lat' dir='ltr'><strong>potuisset.</strong></span> <span class='ocrx_word' id='word_1_29' title='bbox 349 731 351 736; x_wconf 63' lang='grc'>’</span> 
     </span>
    </p>

    <p class='ocr_par' dir='ltr' id='par_1_4' title="bbox 108 831 746 906">
     <span class='ocr_line' id='line_1_8' title="bbox 108 831 746 906; baseline 0.005 -4"><span class='ocrx_word' id='word_1_30' title='bbox 108 832 241 904; x_wconf 88' lang='lat' dir='ltr'><strong>Romae</strong></span> <span class='ocrx_word' id='word_1_31' title='bbox 261 834 385 905; x_wconf 84' lang='lat' dir='ltr'><strong>interea</strong></span> <span class='ocrx_word' id='word_1_32' title='bbox 401 831 562 904; x_wconf 83' lang='lat' dir='ltr'><strong>Censores</strong></span> <span class='ocrx_word' id='word_1_33' title='bbox 577 833 616 904; x_wconf 89' lang='lat' dir='ltr'><strong>ad</strong></span> <span class='ocrx_word' id='word_1_34' title='bbox 637 857 746 906; x_wconf 87' lang='lat' dir='ltr'><strong>mores</strong></span> 
     </span>
    </p>
   </div>
   <div class='ocr_carea' id='block_1_4' title="bbox 11 916 752 1029">
    <p class='ocr_par' dir='ltr' id='par_1_5' title="bbox 11 916 752 1029">
     <span class='ocr_line' id='line_1_9' title="bbox 11 916 752 1029; baseline 0.003 -30"><span class='ocrx_word' id='word_1_35' title='bbox 11 926 15 933; x_wconf 77' lang='grc'>’</span> <span class='ocrx_word' id='word_1_36' title='bbox 57 928 184 1001; x_wconf 89' lang='lat' dir='ltr'><strong>civium</strong></span> <span class='ocrx_word' id='word_1_37' title='bbox 212 916 399 1029; x_wconf 85' lang='lat' dir='ltr'><strong>regendos,</strong></span> <span class='ocrx_word' id='word_1_38' title='bbox 430 929 681 1025; x_wconf 87' lang='lat' dir='ltr'><strong>castigandaque</strong></span> <span class='ocrx_word' id='word_1_39' title='bbox 699 933 752 1001; x_wconf 91' lang='lat' dir='ltr'><strong>vi·</strong></span> 
     </span>
    </p>
   </div>
   <div class='ocr_carea' id='block_1_5' title="bbox 37 1025 777 1611">
    <p class='ocr_par' dir='ltr' id='par_1_6' title="bbox 37 1025 777 1611">
     <span class='ocr_line' id='line_1_10' title="bbox 37 1025 752 1126; baseline 0.004 -28"><span class='ocrx_word' id='word_1_40' title='bbox 37 1050 40 1057; x_wconf 92' lang='lat'>·</span> <span class='ocrx_word' id='word_1_41' title='bbox 57 1027 106 1098; x_wconf 90' lang='lat' dir='ltr'><strong>tia</strong></span> <span class='ocrx_word' id='word_1_42' title='bbox 129 1049 221 1098; x_wconf 90' lang='lat' dir='ltr'><strong>erant</strong></span> <span class='ocrx_word' id='word_1_43' title='bbox 245 1031 364 1100; x_wconf 88' lang='lat' dir='ltr'><strong>intenti</strong></span> <span class='ocrx_word' id='word_1_44' title='bbox 383 1028 401 1085; x_wconf 88' lang='lat' dir='ltr'>b</span> <span class='ocrx_word' id='word_1_45' title='bbox 422 1055 430 1098; x_wconf 93' lang='lat'><strong>:</strong></span> <span class='ocrx_word' id='word_1_46' title='bbox 458 1027 492 1096; x_wconf 72' lang='grc' dir='ltr'><strong>ὅ(</strong></span> <span class='ocrx_word' id='word_1_47' title='bbox 508 1047 586 1098; x_wconf 89' lang='lat' dir='ltr'><strong>nora</strong></span> <span class='ocrx_word' id='word_1_48' title='bbox 602 1025 752 1126; x_wconf 80' lang='lat' dir='ltr'><strong>gravidi·</strong></span> 
     </span>
     <span class='ocr_line' id='line_1_11' title="bbox 57 1125 751 1220; baseline 0.006 -26"><span class='ocrx_word' id='word_1_49' title='bbox 57 1148 131 1212; x_wconf 81' lang='lat' dir='ltr'><strong>nra,</strong></span> <span class='ocrx_word' id='word_1_50' title='bbox 155 1125 312 1197; x_wconf 86' lang='lat' dir='ltr'><strong>relatione</strong></span> <span class='ocrx_word' id='word_1_51' title='bbox 338 1149 460 1220; x_wconf 88' lang='lat' dir='ltr'><strong>nempe</strong></span> <span class='ocrx_word' id='word_1_52' title='bbox 486 1126 573 1195; x_wconf 88' lang='lat' dir='ltr'><strong>inter</strong></span> <span class='ocrx_word' id='word_1_53' title='bbox 591 1128 751 1214; x_wconf 82' lang='lat' dir='ltr'><strong>aerarios,</strong></span> 
     </span>
     <span class='ocr_line' id='line_1_12' title="bbox 56 1219 752 1316; baseline 0 -22"><span class='ocrx_word' id='word_1_54' title='bbox 56 1219 239 1294; x_wconf 84' lang='lat' dir='ltr'><strong>affecerunt</strong></span> <span class='ocrx_word' id='word_1_55' title='bbox 259 1222 437 1294; x_wconf 85' lang='lat' dir='ltr'><strong>Metellum</strong></span> <span class='ocrx_word' id='word_1_56' title='bbox 452 1222 657 1316; x_wconf 84' lang='lat' dir='ltr'><strong>quaestorem</strong></span> <span class='ocrx_word' id='word_1_57' title='bbox 671 1246 752 1294; x_wconf 88' lang='lat' dir='ltr'><strong>cum</strong></span> 
     </span>
     <span class='ocr_line' id='line_1_13' title="bbox 56 1318 752 1416; baseline -0.003 -25"><span class='ocrx_word' id='word_1_58' title='bbox 56 1320 193 1400; x_wconf 86' lang='lat' dir='ltr'><strong>ceteris,</strong></span> <span class='ocrx_word' id='word_1_59' title='bbox 220 1322 275 1415; x_wconf 90' lang='lat' dir='ltr'><strong>qui</strong></span> <span class='ocrx_word' id='word_1_60' title='bbox 292 1320 367 1416; x_wconf 89' lang='lat' dir='ltr'><strong>post</strong></span> <span class='ocrx_word' id='word_1_61' title='bbox 383 1342 531 1416; x_wconf 84' lang='lat' dir='ltr'><strong>pugnarn</strong></span> <span class='ocrx_word' id='word_1_62' title='bbox 543 1318 752 1391; x_wconf 83' lang='lat' dir='ltr'><strong>Cannensem</strong></span> 
     </span>
     <span class='ocr_line' id='line_1_14' title="bbox 56 1415 753 1514; baseline 0.001 -27"><span class='ocrx_word' id='word_1_63' title='bbox 56 1416 250 1488; x_wconf 84' lang='lat' dir='ltr'><strong>deserendae</strong></span> <span class='ocrx_word' id='word_1_64' title='bbox 275 1419 383 1491; x_wconf 87' lang='lat' dir='ltr'><strong>ltaliae</strong></span> <span class='ocrx_word' id='word_1_65' title='bbox 410 1415 585 1488; x_wconf 87' lang='lat' dir='ltr'><strong>confilium</strong></span> <span class='ocrx_word' id='word_1_66' title='bbox 609 1415 753 1514; x_wconf 80' lang='lat' dir='ltr'><strong>sumpsis-</strong></span> 
     </span>
     <span class='ocr_line' id='line_1_15' title="bbox 56 1511 777 1611; baseline 0.006 -27"><span class='ocrx_word' id='word_1_67' title='bbox 56 1513 143 1585; x_wconf 88' lang='lat' dir='ltr'><strong>sent:</strong></span> <span class='ocrx_word' id='word_1_68' title='bbox 169 1511 777 1611; x_wconf 76' lang='lat' dir='ltr'><strong>eademquearrimadversroneineos.v</strong></span> 
     </span>
    </p>
   </div>
   <div class='ocr_carea' id='block_1_6' title="bbox 55 1611 861 1709">
    <p class='ocr_par' dir='ltr' id='par_1_7' title="bbox 55 1611 861 1709">
     <span class='ocr_line' id='line_1_16' title="bbox 55 1611 861 1709; baseline 0.002 -26"><span class='ocrx_word' id='word_1_69' title='bbox 55 1611 133 1683; x_wconf 87' lang='lat' dir='ltr'><strong>funt</strong></span> <span class='ocrx_word' id='word_1_70' title='bbox 161 1611 236 1701; x_wconf 81' lang='lat' dir='ltr'><strong>ufi,</strong></span> <span class='ocrx_word' id='word_1_71' title='bbox 268 1635 324 1709; x_wconf 87' lang='lat' dir='ltr'><strong>qur</strong></span> <span class='ocrx_word' id='word_1_72' title='bbox 350 1614 559 1708; x_wconf 88' lang='lat' dir='ltr'><strong>captivorum</strong></span> <span class='ocrx_word' id='word_1_73' title='bbox 574 1634 615 1682; x_wconf 89' lang='lat' dir='ltr'><strong>ex</strong></span> <span class='ocrx_word' id='word_1_74' title='bbox 633 1613 751 1685; x_wconf 89' lang='lat' dir='ltr'><strong>itinere</strong></span> <span class='ocrx_word' id='word_1_75' title='bbox 859 1656 861 1660; x_wconf 17' lang='grc' dir='ltr'><strong><em>Δ</em></strong></span> 
     </span>
    </p>
   </div>
   <div class='ocr_carea' id='block_1_7' title="bbox 55 1707 752 1983">
    <p class='ocr_par' dir='ltr' id='par_1_8' title="bbox 55 1707 752 1983">
     <span class='ocr_line' id='line_1_17' title="bbox 56 1707 752 1806; baseline 0.001 -25"><span class='ocrx_word' id='word_1_76' title='bbox 56 1707 191 1806; x_wconf 81' lang='lat' dir='ltr'><strong>regressi</strong></span> <span class='ocrx_word' id='word_1_77' title='bbox 207 1711 291 1781; x_wconf 90' lang='lat' dir='ltr'><strong>elam</strong></span> <span class='ocrx_word' id='word_1_78' title='bbox 312 1712 346 1781; x_wconf 94' lang='lat' dir='ltr'><strong>in</strong></span> <span class='ocrx_word' id='word_1_79' title='bbox 360 1709 461 1782; x_wconf 89' lang='lat' dir='ltr'><strong>eastra</strong></span> <span class='ocrx_word' id='word_1_80' title='bbox 478 1709 684 1800; x_wconf 85' lang='lat' dir='ltr'><strong>Hannibalis,</strong></span> <span class='ocrx_word' id='word_1_81' title='bbox 698 1709 752 1782; x_wconf 85' lang='lat' dir='ltr'><strong>so·</strong></span> 
     </span>
     <span class='ocr_line' id='line_1_18' title="bbox 55 1806 748 1903; baseline 0.006 -27"><span class='ocrx_word' id='word_1_82' title='bbox 55 1807 164 1878; x_wconf 89' lang='lat' dir='ltr'><strong>lutum</strong></span> <span class='ocrx_word' id='word_1_83' title='bbox 182 1808 277 1902; x_wconf 91' lang='lat' dir='ltr'><strong>quod</strong></span> <span class='ocrx_word' id='word_1_84' title='bbox 287 1811 477 1903; x_wconf 88' lang='lat' dir='ltr'><strong>juraverant</strong></span> <span class='ocrx_word' id='word_1_85' title='bbox 493 1806 677 1893; x_wconf 67' lang='lat' dir='ltr'><strong>redituros,</strong></span> <span class='ocrx_word' id='word_1_86' title='bbox 695 1833 748 1880; x_wconf 80' lang='lat' dir='ltr'><strong>re-</strong></span> 
     </span>
     <span class='ocr_line' id='line_1_19' title="bbox 56 1902 750 1983; baseline 0.001 -8"><span class='ocrx_word' id='word_1_87' title='bbox 56 1902 187 1976; x_wconf 86' lang='lat' dir='ltr'><strong>bantur.</strong></span> <span class='ocrx_word' id='word_1_88' title='bbox 239 1906 320 1976; x_wconf 90' lang='lat' dir='ltr'><strong>Nec</strong></span> <span class='ocrx_word' id='word_1_89' title='bbox 350 1908 499 1979; x_wconf 89' lang='lat' dir='ltr'><strong>mitiores</strong></span> <span class='ocrx_word' id='word_1_90' title='bbox 532 1905 665 1983; x_wconf 86' lang='lat' dir='ltr'><strong>suerunt</strong></span> <span class='ocrx_word' id='word_1_91' title='bbox 688 1906 750 1983; x_wconf 83' lang='lat' dir='ltr'><strong>ad·</strong></span> 
     </span>
    </p>
   </div>
   <div class='ocr_carea' id='block_1_8' title="bbox 55 2000 923 2097">
    <p class='ocr_par' dir='ltr' id='par_1_9' title="bbox 55 2000 923 2097">
     <span class='ocr_line' id='line_1_20' title="bbox 55 2000 923 2097; baseline -0.002 -26"><span class='ocrx_word' id='word_1_92' title='bbox 55 2000 162 2071; x_wconf 89' lang='lat' dir='ltr'><strong>versus</strong></span> <span class='ocrx_word' id='word_1_93' title='bbox 187 2023 261 2082; x_wconf 84' lang='lat' dir='ltr'><strong>eos,</strong></span> <span class='ocrx_word' id='word_1_94' title='bbox 284 2002 342 2095; x_wconf 90' lang='lat' dir='ltr'><strong>qui</strong></span> <span class='ocrx_word' id='word_1_95' title='bbox 365 2001 483 2097; x_wconf 91' lang='lat' dir='ltr'><strong>absque</strong></span> <span class='ocrx_word' id='word_1_96' title='bbox 503 2000 585 2090; x_wconf 77' lang='lat' dir='ltr'><strong>justa</strong></span> <span class='ocrx_word' id='word_1_97' title='bbox 599 2005 749 2072; x_wconf 88' lang='lat' dir='ltr'><strong>vacatio·</strong></span> <span class='ocrx_word' id='word_1_98' title='bbox 836 2056 840 2062; x_wconf 88' lang='lat'><em>.</em></span> <span class='ocrx_word' id='word_1_99' title='bbox 919 2048 923 2053; x_wconf 92' lang='lat'>-</span> 
     </span>
    </p>
   </div>
   <div class='ocr_carea' id='block_1_9' title="bbox 54 2096 755 2386">
    <p class='ocr_par' dir='ltr' id='par_1_10' title="bbox 54 2096 755 2386">
     <span class='ocr_line' id='line_1_21' title="bbox 56 2096 755 2191; baseline 0.006 -23"><span class='ocrx_word' id='word_1_100' title='bbox 56 2121 99 2168; x_wconf 91' lang='lat' dir='ltr'><strong>ne</strong></span> <span class='ocrx_word' id='word_1_101' title='bbox 120 2096 336 2191; x_wconf 87' lang='lat' dir='ltr'><strong>quadriennio</strong></span> <span class='ocrx_word' id='word_1_102' title='bbox 360 2119 429 2166; x_wconf 93' lang='lat' dir='ltr'><strong>non</strong></span> <span class='ocrx_word' id='word_1_103' title='bbox 454 2097 662 2168; x_wconf 81' lang='lat' dir='ltr'><strong>milltass&#39;entr</strong></span> <span class='ocrx_word' id='word_1_104' title='bbox 695 2098 755 2171; x_wconf 83' lang='lat' dir='ltr'><strong>eui</strong></span> 
     </span>
     <span class='ocr_line' id='line_1_22' title="bbox 56 2191 751 2288; baseline -0.003 -23"><span class='ocrx_word' id='word_1_105' title='bbox 56 2193 203 2274; x_wconf 88' lang='lat' dir='ltr'><strong>militurn</strong></span> <span class='ocrx_word' id='word_1_106' title='bbox 227 2193 341 2288; x_wconf 86' lang='lat' dir='ltr'><strong>generi</strong></span> <span class='ocrx_word' id='word_1_107' title='bbox 368 2202 456 2282; x_wconf 83' lang='lat' dir='ltr'><strong>non,</strong></span> <span class='ocrx_word' id='word_1_108' title='bbox 481 2191 666 2288; x_wconf 84' lang='lat' dir='ltr'><strong>priusquam</strong></span> <span class='ocrx_word' id='word_1_109' title='bbox 683 2191 751 2264; x_wconf 60' lang='lat' dir='ltr'><strong>lta«</strong></span> 
     </span>
     <span class='ocr_line' id='line_1_23' title="bbox 54 2287 749 2386; baseline -0.006 -22"><span class='ocrx_word' id='word_1_110' title='bbox 54 2293 97 2367; x_wconf 86' lang='lat' dir='ltr'><strong>lia</strong></span> <span class='ocrx_word' id='word_1_111' title='bbox 112 2289 219 2386; x_wconf 86' lang='lat' dir='ltr'><strong>pulsus</strong></span> <span class='ocrx_word' id='word_1_112' title='bbox 236 2287 337 2359; x_wconf 87' lang='lat' dir='ltr'><strong>hostis</strong></span> <span class='ocrx_word' id='word_1_113' title='bbox 352 2289 447 2376; x_wconf 83' lang='lat' dir='ltr'><strong>esset,</strong></span> <span class='ocrx_word' id='word_1_114' title='bbox 474 2288 609 2363; x_wconf 90' lang='lat' dir='ltr'><strong>finitum</strong></span> <span class='ocrx_word' id='word_1_115' title='bbox 626 2288 749 2384; x_wconf 83' lang='lat' dir='ltr'><strong>stipen‘-</strong></span> 
     </span>
    </p>
   </div>
   <div class='ocr_carea' id='block_1_10' title="bbox 17 2386 748 2491">
    <p class='ocr_par' dir='ltr' id='par_1_11' title="bbox 17 2386 748 2491">
     <span class='ocr_line' id='line_1_24' title="bbox 17 2386 748 2491; baseline -0.001 -32"><span class='ocrx_word' id='word_1_116' title='bbox 17 2452 21 2459; x_wconf 89' lang='lat'>.</span> <span class='ocrx_word' id='word_1_117' title='bbox 55 2390 188 2461; x_wconf 89' lang='lat' dir='ltr'><strong>diorum</strong></span> <span class='ocrx_word' id='word_1_118' title='bbox 204 2407 335 2482; x_wconf 91' lang='lat' dir='ltr'><strong>tempus</strong></span> <span class='ocrx_word' id='word_1_119' title='bbox 348 2409 427 2462; x_wconf 89' lang='lat' dir='ltr'><strong>erat.</strong></span> <span class='ocrx_word' id='word_1_120' title='bbox 479 2388 636 2481; x_wconf 89' lang='lat' dir='ltr'><strong>Cumque</strong></span> <span class='ocrx_word' id='word_1_121' title='bbox 654 2386 748 2491; x_wconf 82' lang='lat' dir='ltr'><strong>Cen-</strong></span> 
     </span>
    </p>
   </div>
   <div class='ocr_carea' id='block_1_11' title="bbox 55 2484 748 2582">
    <p class='ocr_par' dir='ltr' id='par_1_12' title="bbox 55 2484 748 2582">
     <span class='ocr_line' id='line_1_25' title="bbox 55 2484 748 2582; baseline -0.004 -23"><span class='ocrx_word' id='word_1_122' title='bbox 55 2489 141 2559; x_wconf 88' lang='lat' dir='ltr'><strong>sores</strong></span> <span class='ocrx_word' id='word_1_123' title='bbox 176 2484 221 2557; x_wconf 90' lang='lat' dir='ltr'><strong>ob</strong></span> <span class='ocrx_word' id='word_1_124' title='bbox 253 2486 397 2582; x_wconf 91' lang='lat' dir='ltr'><strong>inopiam</strong></span> <span class='ocrx_word' id='word_1_125' title='bbox 425 2487 538 2559; x_wconf 88' lang='lat' dir='ltr'><strong>aerarii</strong></span> <span class='ocrx_word' id='word_1_126' title='bbox 566 2486 748 2556; x_wconf 82' lang='lat' dir='ltr'><strong>locationes</strong></span> 
     </span>
    </p>
   </div>
   <div class='ocr_carea' id='block_1_12' title="bbox 10 2581 747 2680">
    <p class='ocr_par' dir='ltr' id='par_1_13' title="bbox 10 2581 747 2680">
     <span class='ocr_line' id='line_1_26' title="bbox 10 2581 747 2680; baseline -0.003 -23"><span class='ocrx_word' id='word_1_127' title='bbox 10 2619 12 2624; x_wconf 96' lang='lat'><em>·</em></span> <span class='ocrx_word' id='word_1_128' title='bbox 55 2583 224 2657; x_wconf 88' lang='lat' dir='ltr'><strong>consuetas</strong></span> <span class='ocrx_word' id='word_1_129' title='bbox 249 2606 316 2653; x_wconf 93' lang='lat' dir='ltr'><strong>non</strong></span> <span class='ocrx_word' id='word_1_130' title='bbox 345 2582 515 2665; x_wconf 81' lang='lat' dir='ltr'><strong>facerent,</strong></span> <span class='ocrx_word' id='word_1_131' title='bbox 548 2584 605 2680; x_wconf 92' lang='lat' dir='ltr'><strong>qui</strong></span> <span class='ocrx_word' id='word_1_132' title='bbox 631 2581 747 2655; x_wconf 80' lang='lat' dir='ltr'><strong>similia</strong></span> 
     </span>
    </p>
   </div>
   <div class='ocr_carea' id='block_1_13' title="bbox 47 2679 830 3163">
    <p class='ocr_par' dir='ltr' id='par_1_14' title="bbox 47 2679 759 3072">
     <span class='ocr_line' id='line_1_27' title="bbox 55 2679 743 2779; baseline -0.009 -27"><span class='ocrx_word' id='word_1_133' title='bbox 55 2682 217 2752; x_wconf 85' lang='lat' dir='ltr'><strong>redimere</strong></span> <span class='ocrx_word' id='word_1_134' title='bbox 242 2679 388 2751; x_wconf 82' lang='lat' dir='ltr'><strong>solebant</strong></span> <span class='ocrx_word' id='word_1_135' title='bbox 402 2733 413 2769; x_wconf 88' lang='lat'>,</span> <span class='ocrx_word' id='word_1_136' title='bbox 438 2703 563 2779; x_wconf 81' lang='lat' dir='ltr'><strong>paratos</strong></span> <span class='ocrx_word' id='word_1_137' title='bbox 572 2685 610 2770; x_wconf 82' lang='lat' dir='ltr'><strong>se</strong></span> <span class='ocrx_word' id='word_1_138' title='bbox 624 2680 743 2750; x_wconf 66' lang='lat' dir='ltr'><strong>realem?-</strong></span> 
     </span>
     <span class='ocr_line' id='line_1_28' title="bbox 47 2773 759 2878; baseline 0 -29"><span class='ocrx_word' id='word_1_139' title='bbox 47 2776 199 2878; x_wconf 82' lang='lat' dir='ltr'><strong>ptionibus</strong></span> <span class='ocrx_word' id='word_1_140' title='bbox 218 2773 376 2848; x_wconf 85' lang='lat' dir='ltr'><strong>dixerunt</strong></span> <span class='ocrx_word' id='word_1_141' title='bbox 392 2806 403 2861; x_wconf 91' lang='lat'>;</span> <span class='ocrx_word' id='word_1_142' title='bbox 434 2788 636 2872; x_wconf 75' lang='lat' dir='ltr'><strong>neminemque</strong></span> <span class='ocrx_word' id='word_1_143' title='bbox 655 2799 759 2873; x_wconf 62' lang='lat' dir='ltr'><strong>pecu.</strong></span> 
     </span>
     <span class='ocr_line' id='line_1_29' title="bbox 55 2873 747 2968; baseline -0.012 -22"><span class='ocrx_word' id='word_1_144' title='bbox 55 2884 157 2960; x_wconf 84' lang='lat' dir='ltr'><strong>niam,</strong></span> <span class='ocrx_word' id='word_1_145' title='bbox 184 2875 243 2959; x_wconf 78' lang='lat' dir='ltr'><strong>nili</strong></span> <span class='ocrx_word' id='word_1_146' title='bbox 267 2874 341 2944; x_wconf 84' lang='lat' dir='ltr'><strong>bello</strong></span> <span class='ocrx_word' id='word_1_147' title='bbox 364 2877 493 2968; x_wconf 72' lang='lat' dir='ltr'><strong>confesso</strong></span> <span class='ocrx_word' id='word_1_148' title='bbox 510 2873 549 2952; x_wconf 77' lang='lat' dir='ltr'><strong>rib</strong></span> <span class='ocrx_word' id='word_1_149' title='bbox 563 2883 676 2942; x_wconf 77' lang='lat' dir='ltr'><strong>aerario</strong></span> <span class='ocrx_word' id='word_1_150' title='bbox 695 2873 747 2960; x_wconf 73' lang='lat' dir='ltr'><strong>effe</strong></span> 
     </span>
     <span class='ocr_line' id='line_1_30' title="bbox 55 2968 745 3072; baseline -0.01 -28"><span class='ocrx_word' id='word_1_151' title='bbox 55 2981 253 3072; x_wconf 77' lang='lat' dir='ltr'><strong>repetiturum.</strong></span> <span class='ocrx_word' id='word_1_152' title='bbox 303 2971 354 3044; x_wconf 86' lang='lat' dir='ltr'><strong>lta</strong></span> <span class='ocrx_word' id='word_1_153' title='bbox 375 2976 474 3046; x_wconf 89' lang='lat' dir='ltr'><strong>etiam</strong></span> <span class='ocrx_word' id='word_1_154' title='bbox 498 2970 626 3045; x_wconf 89' lang='lat' dir='ltr'><strong>domini</strong></span> <span class='ocrx_word' id='word_1_155' title='bbox 649 2968 745 3038; x_wconf 93' lang='lat' dir='ltr'><strong>volo·</strong></span> 
     </span>
    </p>

    <p class='ocr_par' dir='ltr' id='par_1_15' title="bbox 647 3088 830 3163">
     <span class='ocr_line' id='line_1_31' title="bbox 647 3088 830 3163; baseline -0.016 -24"><span class='ocrx_word' id='word_1_156' title='bbox 647 3088 748 3159; x_wconf 69' lang='lat' dir='ltr'><strong>num,</strong></span> <span class='ocrx_word' id='word_1_157' title='bbox 826 3157 830 3163; x_wconf 25' lang='grc' dir='ltr'>Ι</span> 
     </span>
    </p>
   </div>
   <div class='ocr_carea' id='block_1_14' title="bbox 28 3187 455 3265">
    <p class='ocr_par' dir='ltr' id='par_1_16' title="bbox 28 3187 455 3265">
     <span class='ocr_line' id='line_1_32' title="bbox 28 3187 455 3265; baseline 0.033 -23"><span class='ocrx_word' id='word_1_158' title='bbox 28 3213 37 3227; x_wconf 49' lang='grc' dir='ltr'><strong><em>ν</em></strong></span> <span class='ocrx_word' id='word_1_159' title='bbox 90 3203 200 3262; x_wconf 75' lang='lat' dir='ltr'><strong>ac,17.</strong></span> <span class='ocrx_word' id='word_1_160' title='bbox 237 3188 337 3254; x_wconf 67' lang='lat' dir='ltr'><strong>urbia</strong></span> <span class='ocrx_word' id='word_1_161' title='bbox 351 3187 430 3265; x_wconf 68' lang='grc' dir='ltr'><strong>ωδ.</strong></span> <span class='ocrx_word' id='word_1_162' title='bbox 451 3197 455 3203; x_wconf 75' lang='grc'><strong><em>’</em></strong></span> 
     </span>
    </p>
   </div>
   <div class='ocr_carea' id='block_1_15' title="bbox 0 0 1006 3554">
    <p class='ocr_par' dir='ltr' id='par_1_17' title="bbox 0 0 1006 3554">
     <span class='ocr_line' id='line_1_33' title="bbox 0 0 1006 3554; baseline 0 0"><span class='ocrx_word' id='word_1_163' title='bbox 0 0 1006 3554; x_wconf 95' lang='lat' dir='ltr'><strong> </strong></span> 
     </span>
    </p>
   </div>
  </div>
 </body>
</html>
