2002 3554
65 230 68 237 ,
123 144 284 236 Rauua.¹
307 137 470 216 Roman.
496 133 631 211 Luall.
682 148 754 261 237

58 304 165 380 blicae
178 298 342 403 gerendae
358 298 657 393 naveratidoneos,
676 330 753 402 par.

57 405 123 478 tim
148 399 234 474 clam
259 395 407 483 sustulit;
431 399 551 495 partim
570 421 615 470 ex
629 404 754 495 quaefi·
779 405 781 408 ’

60 501 105 573 tis
127 497 229 570 causas
247 495 292 568 'ad
318 492 426 566 filium
444 495 479 566 in
496 494 638 595 Epirum
655 499 754 576 mifit.

61 595 156 668 Inter
170 619 225 667 eos
235 592 298 666 fuit
308 591 508 685 Arfflarchus
515 645 527 681 ‚
552 594 604 664 vir
614 590 757 671 summus

62 691 152 790 apud
178 691 381 766 Tarentinos
388 722 401 777 3
435 713 534 786 quern
549 691 633 762 certi
650 715 691 764 ne
716 712 758 766 οὲ

65 793 106 862 tii
120 789 223 862 cauffa
242 789 396 886 navigare
413 789 447 859 in
458 787 602 886 Epirum
614 715 758 887 Pyrrffius

61 884 173 982 juffit‘:
197 888 253 960 isse
267 909 347 961 vero
360 884 586 959 obedientiam
608 884 762 963 fimulana
833 971 838 977 ,

64 985 216 1058 Romam
238 983 286 1056 est
307 979 504 1080 profestus,
537 982 763 1082 Senatumque

65 1080 108 1153 de
134 1083 247 1155 multis
274 1104 312 1153 ac
343 1081 470 1176 magnis
496 1080 594 1152 rebus
610 1079 759 1157 edocuit.

68 1180 135 1251 His
169 1178 265 1252 rebus
297 1175 472 1248 intelleeais
499 1178 673 1252 Romanos
690 1183 763 1278 pm

68 1275 148 1349 cur‘a
166 1270 399 1348 bellicofiffimi
414 1274 522 1372 Regis
529 1295 659 1371 ceperat
665 1304 676 1361 ς
702 1277 765 1349 d'e-

68 1370 273 1468 leffibusque
289 1369 474 1470 agendis&
490 1373 631 1466 pecunia
638 1397 765 1472 cogen·
884 1442 887 1447 ,

70 1470 114 1542 da
134 1469 264 1542 strenue
290 1468 414 1541 bellum
443 1467 670 1566 apparabant:
704 1482 768 1546 nee

73 1567 274 1656 immerito,
305 1590 383 1638 cum
409 1589 525 1638 omnes
545 1565 674 1642 saitem
703 1572 767 1643 oris

70 1666 295 1762 Imperatores
309 1664 429 1760 peritia
446 1665 494 1736 rei
516 1594 768 1768 militarissspe·

73 1763 213 1850 raverit,
239 1761 273 1831 in
286 1763 357 1835 acie
369 1764 545 1861 praecipue
561 1763 768 1859 instruenda5

75 1860 188 1932 castris
213 1859 395 1947 metandis,
421 1859 701 1959 stratagematibus
717 1866 770 1935 in·
858 1866 861 1868 ’
929 1916 934 1923 .

76 1955 244 2030 veniendis
258 1954 487 2030 versatiffimus
505 1973 521 2016 ²
544 1982 556 2045 3
580 1958 617 2030 &
631 1958 771 2032 librisde

78 2078 116 2128 ea
138 2075 208 2128 arte
232 2052 330 2125 editis
345 2053 449 2124 clarus
478 2051 507 2121 b.
558 2052 772 2148 Acceffitque

76 2151 181 2224 scelus
198 2156 291 2222 Decii
307 2147 446 2244 Jubellii
457 2145 604 2218 Tribuni
612 2147 773 2235 militum;

78 2248 169 2346 qued
191 2249 356 2320 sociorum
386 2246 512 2317 animos
526 2268 549 2319 a
562 2243 728 2319 Romanis
742 2270 777 2318 a·

79 2347 203 2419 liena're
225 2365 294 2432 erat
316 2339 528 2440 aptiffimum.
578 2339 670 2414 Cum
687 2344 778 2417 enim‘

81 2442 234 2542 Rhegium
256 2441 419 2540 oppidum
436 2444 471 2514 in
490 2458 643 2514 extrema
664 2440 777 2531 ltalia,

82 2561 123 2614 ut
144 2543 228 2614 haec
255 2561 405 2634 tempora
431 2540 583 2612 ferebant
591 2550 605 2626 ,’
635 2539 780 2635 opulen-

83 2659 187 2729 tum,
218 2657 292 2711 tum
318 2637 463 2734 Pyrrhi,
495 2655 567 2709 tum
599 2634 783 2736 Carthagi·

85 2735 250 2810 nienfium
278 2754 371 2804 metu
389 2733 588 2831 praefidium
605 2734 780 2805 Romano·

20 2907 22 2913 .
87 2845 170 2907 num
193 2824 422 2929 expetiviss'et‘,
453 2829 566 2904 missus
581 2851 623 2901 eo
640 2829 688 2900 est
702 2851 782 2900 cum

44 2966 49 2975 =
541 2974 543 2978 »
602 2977 605 2981 ·
653 2924 786 3024 legione

124 3095 141 3136 a
160 3085 255 3135 Donat.
273 3074 301 3132 a'n
320 3079 374 3132 Tar.
392 3071 510 3130 aum.
523 3085 568 3147 13.
679 3123 681 3126 .

126 3152 233 3216 batua.
250 3149 348 3229 Pyrrho
362 3162 390 3228 p.
403 3167 440 3213 m.
452 3144 520 3225 387·
