2002 3554
263 120 333 218 584
480 108 783 189 norom

260 282 343 354 latae
367 274 492 364 ess'ent,
529 325 555 365 „
578 272 759 347 secastella
777 280 873 352 circa
893 281 964 354 aar·

261 427 285 466 ,‚
309 381 372 446 lam
400 395 529 461 tenere,
560 372 673 469 ibique
694 377 859 450 omnium
878 381 912 451 io
926 378 961 451 u·

263 524 288 562 „
312 473 382 545 sum
414 495 523 544 rerum
547 473 679 571 copiam
705 473 873 548 i'nveniffe
891 484 915 560 ,⁸
940 482 964 521 “

264 596 307 643 co
322 572 363 643 ab
380 569 468 658 Dio,
492 568 581 663 quod
597 567 725 664 aRege
733 570 895 645 relietum
903 598 962 645 oc-

262 692 306 740 cu
350 689 460 754 verat,
477 667 782 738 exercitumduxit.
812 669 960 767 Sedpro·

261 765 283 838 f
332 768 408 837 ione
420 761 692 843 Consulisaudita
703 761 844 839 Perseus
858 770 957 840 Dium

150 893 153 899 ·
263 861 565 962 regreffusarrbem
592 861 723 932 munire
741 867 841 961 cepit
860 884 875 924 ³
895 893 904 938 :
926 867 956 955 &

265 976 403 1056 recepto
428 958 571 1056 paullum
585 959 698 1028 animo
706 981 849 1054 gazam,
867 986 955 1060 quam

226 1147 230 1153 ⁵
264 1058 372 1129 Pellae
396 1057 432 1128 in
447 1080 534 1128 mare
549 1055 648 1151 dejici
662 1057 826 1151 juffetat,
853 1087 909 1158 per
921 1083 955 1130 u·

265 1155 422 1229 rinatores
442 1178 578 1225 omnem
602 1150 706 1224 ferme
732 1157 844 1231 rursus
859 1180 955 1230 extra·

267 1256 340 1326 xit:
364 1252 400 1324 &
424 1251 547 1348 pudore
569 1251 697 1344 pavoris
714 1250 762 1322 sui
781 1259 955 1327 urinatores

266 1374 338 1422 non
362 1369 489 1423 tantum
519 1348 603 1419 clam
633 1347 780 1421 interfici
803 1350 894 1449 juffit
910 1352 952 1433 ba

266 1446 321 1521 sed
347 1452 446 1521 etiam
470 1447 609 1531 amima,
635 1468 782 1541 quorum
801 1473 897 1545 opera
915 1446 952 1519 ad

266 1570 340 1618 eam
364 1569 434 1616 rem
463 1543 533 1616 usus
555 1541 671 1614 fuerat.
724 1545 773 1618 Et
789 1546 953 1619 videbatur

268 1643 365 1717 rebus
382 1644 488 1738 Regis
505 1641 610 1735 aliqua
620 1640 676 1710 lux
684 1639 864 1740 affulgere,
879 1666 950 1714 cum

162 1772 167 1777 ·
266 1739 303 1810 &
318 1740 548 1829 ‘llaefflalonicam
564 1737 601 1806 &
622 1739 833 1827 Cassandream
844 1739 880 1807 &
891 1744 947 1805 Yo-

265 1861 357 1906 ronen
376 1853 391 1893 c
410 1833 523 1905 frustra
548 1838 768 1931 oppugnasset
793 1838 836 1908 C.
859 1835 945 1905 Mar·

264 1931 399 2018 cius,ad
411 1937 616 2030 Antigoneam
625 1936 727 2005 etiam
737 1933 951 2029 pluribusluo·

272 2057 366 2120 rum,
392 2057 489 2129 quarn
512 2031 742 2102 Macedonum
760 2031 896 2118 amillo3
920 2031 949 2098 &

246 2130 515 2202 Demetriadem
545 2151 676 2224 quoque
711 2130 827 2204 frullra
852 2127 950 2202 fuiss'et

266 2227 457 2326 aggrellus:
487 2250 553 2321 quo
582 2247 736 2319 tempore
775 2227 863 2301 fama
896 2226 950 2295 fuit

267 2328 352 2399 inter
375 2322 524 2397 Perseum
547 2321 581 2392 &
608 2323 820 2414 Eumenem,
846 2323 949 2398 condi·

267 2426 373 2496 tiones
390 2422 552 2492 amicitiae
570 2418 662 2490 foille
678 2419 845 2496 uallatas.
890 2421 950 2493 Hic

266 2542 357 2593 certe
380 2517 530 2613 prospere
549 2519 700 2587 intratam
724 2518 951 2593 Macedoniam

267 2615 401 2691 Conluli
425 2616 605 2711 gratulatus
632 2614 835 2708 Pergamum
857 2622 890 2689 in
908 2642 952 2687 re·

263 2739 369 2815 gnum
395 2713 485 2785 abiit.
536 2712 604 2784 Alii
629 2709 767 2800 dicunt,
797 2739 860 2786 nee
879 2739 952 2786 cum

262 2815 367 2911 gratia
393 2813 433 2884 ab
458 2808 598 2883 Consule
632 2805 846 2902 profestum
873 2811 953 2884 indi-

261 2933 419 3015 gnatum,
444 2907 552 3009 quod,
578 2925 615 2977 ut
632 2904 744 2976 iisdem
759 2910 952 3077 castigen-

869 3028 957 3097 eret,

311 3155 330 3205 a
350 3123 479 3194 nida&
503 3120 529 3180 la
546 3119 610 3180 llil„
624 3136 697 3180 artur
727 3139 751 3178 e.
762 3120 826 3222 llid„
842 3145 864 3185 c.
878 3145 921 3191 η.

61 3168 172 3265 q
