2048 3526
176 132 331 204 Rnrnun.
357 130 517 204 Roman.
543 76 691 205 Lrir.V.
741 151 811 237 553

108 313 206 380 runt.;
234 296 277 365 ita
293 313 330 364 ut
346 289 457 366 statim
481 289 619 388 dilectus
634 315 729 366 extra
750 316 808 364 or·
924 288 926 295 ’

109 393 223 464 dinem
243 390 368 485 ubique
384 390 604 481 indiceretur:
631 389 684 461 sed
698 392 809 464 audita

111 488 271 559 lstrorum
302 487 408 585 strage
437 487 566 577 statim,
591 489 648 576 qui
665 486 809 560 conscri-

111 589 162 683 pti
189 606 300 672 erant,
324 582 444 656 dimiffi
461 582 545 658 sunt.
596 583 643 657 Et
661 609 748 657 anno
763 585 969 665 se-A.U.576.
1016 627 1020 632 -

111 702 235 779 quente
257 682 310 752 M.
328 681 445 777 junius
460 680 735 773 &QManlius‚
753 683 812 779 qui

107 780 177 876 jam
205 777 417 852 proconsules
441 779 630 876 Aquilejam
652 778 813 876 lstrosque

113 877 309 951 obtinebant
330 894 376 964 ²,
412 879 511 949 armis
538 900 595 947 eos
619 878 660 949 ad
695 901 814 974 pacem

113 978 293 1072 petendam
311 974 505 1073 adegerunt.
530 974 579 1046 At
599 975 642 1048 C.
653 973 815 1049 Claudius

114 1073 240 1145 Consul
257 1075 399 1161 vetitus,
426 1097 468 1146 ne
483 1076 528 1145 ita
537 1073 814 1169 provinciaexer·

112 1170 262 1267 citusque
287 1171 346 1244 fibi
379 1168 627 1261 adimerentur,
662 1193 818 1266 praeceps

113 1271 148 1341 in
176 1270 386 1364 provinciam
404 1269 503 1352 abiit,
528 1267 615 1340 nulla
636 1266 812 1343 reservata

113 1390 226 1439 earum
242 1419 254 1452 ,
294 1389 376 1457 quae
392 1389 489 1439 more
505 1367 672 1462 majorum
694 1365 816 1439 servari

113 1463 275 1537 solebant.
328 1462 459 1538 Verum
479 1463 672 1536 amilitibos
688 1462 815 1559 spretus

112 1561 264 1633 Romam
286 1559 404 1647 rediit,
417 1559 658 1658 'legitimisque
673 1559 814 1659 petallis

113 1682 219 1754 aeque
227 1682 265 1730 ac
273 1660 362 1753 prins
370 1657 541 1831 praecipiti
556 1659 724 1731 celeritate
733 1685 817 1757 pro·

112 1755 218 1830 ferrus
242 1757 302 1831 est.
354 1757 368 1830 l
396 1760 406 1830 i
428 1757 613 1849 Nestorium
627 1757 814 1854 oppidum,

112 1880 182 1951 quo
203 1853 235 1948 le
261 1857 428 1951 principes
449 1855 611 1927 lstrorurn
629 1854 666 1927 ὅ(
680 1856 819 1953 regulus
917 1934 919 1941 ,

113 1951 181 2043 ipse
216 1971 434 2046 receperant,
466 1950 592 2022 summa
628 1954 661 2021 vi
695 1955 817 2050 Junius

114 2045 322 2144 Manliusque
338 2044 589 2144 oppugnabant.
623 2045 817 2120 Adveniens

116 2142 277 2216 Claudius
295 2167 426 2216 amnem
437 2137 814 2239 moeniapraeterfluen·

116 2264 187 2313 tem
214 2240 395 2313 avertendo
415 2239 577 2337 oppidum
594 2240 697 2336 cepit.
731 2240 815 2316 Rex
839 2246 844 2260 ’

118 2341 249 2429 trajecit
279 2339 367 2410 ferro
390 2335 526 2436 pestus:
552 2338 669 2432 reliqui
688 2358 743 2411 aut
760 2363 816 2412 ca·

117 2439 186 2533 pti,
211 2455 268 2508 aut
282 2434 384 2509 occisi
400 2433 483 2509 sunt.
517 2434 599 2507 Duo
609 2435 817 2532 indeoppida

116 2537 244 2607 Mutila
258 2533 294 2605 &
313 2540 449 2605 ‘Faveria
465 2535 500 2606 vi
518 2555 614 2629 capta
630 2533 665 2604 &
691 2531 809 2609 deleta.
892 2556 895 2562 '

117 2634 237 2726 Itaque
260 2629 368 2703 lstria
393 2651 464 2703 tota
482 2639 596 2727 pacata
612 2631 685 2703 ests
707 2632 760 2704 sed
775 2657 818 2704 an

95 2751 190 2833 ttum
219 2729 392 2824 provincia
419 2726 503 2800 facta
531 2728 589 2815 fit,
615 2753 656 2802 an
681 2729 817 2800 demum

117 2830 161 2898 A.
177 2836 258 2920 625.
285 2825 468 2899 dubitatur.
486 2824 534 2901 V.
555 2828 673 2925 Sigon.
695 2828 734 2896 ae
753 2848 816 2899 aar.

108 2932 183 3028 jare
197 2928 272 2996 Ital.
290 2932 331 2995 L.
344 2929 410 2993 ΙΙΙ.
429 2949 457 2993 c.
471 2948 525 3020 51.

136 3106 138 3110 Ι
383 3021 469 3101 Mm
499 3044 514 3119 5
608 3046 611 3050 ’
673 3019 816 3120 §.vill

154 3153 171 3202 a
189 3142 251 3223 Livg
270 3148 377 3210 ml.
394 3155 483 3221 ato.¹
