2002 3554
18 66 31 101 J

113 90 281 233 'Remum
307 155 467 232 Romu
495 151 634 231 erH.
684 162 755 259 393.

51 338 125 393 tum
150 320 232 394 abiit
257 335 286 390 ².
331 317 411 390 Nec
436 315 533 390 fraeli
560 340 672 393 tomen
698 319 750 393 his
885 406 892 415 s

50 416 200 490 cladibus
223 422 463 491 Romanorum
489 416 619 496 animi;
654 442 753 514 pree·

54 515 194 602 sertim,
228 515 304 612 quia
327 512 515 602 ConsuleS,
549 512 605 584 ubi
629 513 755 589 summa

54 635 168 684 rerum
197 615 292 699 esset,
318 611 408 685 adid
426 602 581 684 locorum
596 609 754 708 prospere

20 764 24 771 .
59 732 215 806 gererent
240 710 267 781 b.
320 711 397 784 lmo
420 707 596 804 Capuam,
622 709 759 778 Claudio

53 810 185 877 Nerone
202 811 357 882 Praetote
372 809 473 879 etiam
483 810 613 897 accito,
624 803 760 879 aretiffi·

32 974 39 980 .
58 927 113 975 ma
137 906 309 978 oblidione
336 903 474 978 clausam
493 922 762 1004 oppugnarunt„

56 1001 248 1076 Hannibale
266 1005 399 1074 interim
417 1002 472 1095 spe
485 1001 657 1079 solvendae
669 999 758 1076 ubsr-

61 1096 170 1174 dionis
190 1103 380 1197 Campanos
395 1096 548 1190 laedente.
833 1142 841 1159 κ

105 1197 293 1290 §.xxm
327 1199 377 1269 At
403 1202 440 1270 in
471 1197 600 1287 Sicilia·
621 1214 779 1306 praeter§
798 1259 844 1317 ²9·
864 1247 912 1316 Sl·

56 1314 167 1367 cetera
187 1295 325 1393 egregie
341 1317 391 1365 res
407 1291 497 1392 gesta
511 1293 580 1382 est,
604 1296 748 1394 Syracu·
760 1285 861 1394 ricufize

55 1393 95 1464 srs
109 1391 253 1488 denique
268 1393 466 1489 expugnatis
490 1406 517 1464 c.
559 1390 608 1465 Et
637 1393 852 1488 primorum·

55 1488 191 1586 quidem
211 1489 407 1579 Marcellus,
432 1513 511 1561 cum
532 1513 594 1561 nee
614 1487 752 1586 vipoffe

58 1588 131 1681 capi
150 1585 279 1661 videret
297 1587 412 1659 urbem
432 1585 576 1659 terrestri
594 1610 633 1659 ac
650 1588 750 1659 mari·

56 1687 141 1754 timo
168 1683 230 1756 srtu
255 1681 571 1784 inexpugnabilem
614 1708 677 1757 nec
704 1683 755 1757 fa·

10 1870 13 1881 Ι
58 1805 138 1870 me,
164 1805 262 1878 quam
280 1806 384 1880 prope
402 1784 499 1856 liberi
515 1782 557 1856 ab
574 1782 757 1952 Carthagi·
823 1796 826 1803 '

58 1903 101 1949 ne
126 1899 331 1952 commeatus
355 1880 506 1967 alerent,
539 1904 599 1975 per
613 1901 700 1953 trans
739 1921 755 1938 ·

61 1999 119 2071 gas
147 1977 373 2065 proditionem
387 1976 607 2071 composuitz·
622 1975 695 2060 sed,
720 2001 758 2048 re

57 2073 100 2143 ad
127 2070 320 2169 Epicydem
350 2069 478 2160 delata,
501 2071 624 2142 conscii
639 2096 759 2144 ornnes

58 2192 137 2239 curn
167 2169 316 2241 cruciatu
336 2171 445 2240 necati
462 2168 560 2240 sunt..
598 2166 680 2238 Inde
694 2168 756 2240 alia

57 2265 129 2362 spes
148 2266 234 2337 urbis
251 2263 431 2361 potiundae
446 2264 592 2361 excepit.
626 2268 750 2333 Dama·

49 2372 151 2462 fippns
163 2361 297 2457 quidam
313 2360 617 2450 Lacedaemonius,
642 2361 755 2433 mill‘ue

58 2463 100 2532 ab
127 2458 292 2558 Syracufis
322 2459 362 2532 ad
388 2461 582 2560 Philippum
599 2460 750 2556 Regem,

60 2576 210 2653 captusa
230 2558 390 2630 Romanis
405 2581 486 2633 etat.
518 2561 574 2632 De
591 2557 689 2651 hujus
704 2579 757 2628 re·

60 2655 257 2749 demptione
272 2678 351 2727 cum
365 2680 519 2753 ageretur
533 2655 595 2745 (ἃ
605 2657 759 2752 jamtum

62 2754 252 2822 Aetolorum
269 2802 281 2842 ,
314 2755 408 2850 cujus
436 2756 545 2852 gentis
559 2753 649 2824 socii
665 2770 760 2823 erant

65 2848 347 2940 Lacedaemonii,
372 2853 552 2923 amicitiam
561 2845 761 2922 affeetabant

372 2946 435 3019 Bb
468 2969 484 3042 5
632 2944 764 3016 Roma·

95 3103 112 3146 a
131 3089 168 3145 ld.
190 3098 319 3154 LXXVI.
337 3106 358 3148 c.
373 3106 400 3167 3.
444 3087 462 3149 b
480 3089 519 3152 ld.
537 3096 569 3152 L.
584 3092 665 3166 W-
683 3100 758 3153 nn.

104 3178 121 3222 c
143 3163 206 3229 rud.
225 3184 300 3243 c.23.
