<?xml version="1.0" encoding="UTF-8"?>
<!DOCTYPE html PUBLIC "-//W3C//DTD XHTML 1.0 Transitional//EN"
    "http://www.w3.org/TR/xhtml1/DTD/xhtml1-transitional.dtd">
<html xmlns="http://www.w3.org/1999/xhtml" xml:lang="en" lang="en">
 <head>
  <title>
</title>
<meta http-equiv="Content-Type" content="text/html;charset=utf-8" />
  <meta name='ocr-system' content='tesseract 3.04.00' />
  <meta name='ocr-capabilities' content='ocr_page ocr_carea ocr_par ocr_line ocrx_word'/>
</head>
<body>
  <div class='ocr_page' id='page_1' title='image "./historiareipubl00nieugoog/historiareipubl00nieugoog_0055.png"; bbox 0 0 2002 3554; ppageno 0'>
   <div class='ocr_carea' id='block_1_1' title="bbox 244 132 793 223">
    <p class='ocr_par' dir='ltr' id='par_1_1' title="bbox 244 132 793 223">
     <span class='ocr_line' id='line_1_1' title="bbox 244 132 793 223; baseline -0.007 0"><span class='ocrx_word' id='word_1_1' title='bbox 244 132 793 223; x_wconf 65' lang='lat' dir='ltr'>Proraaouaum‘“</span> 
     </span>
    </p>
   </div>
   <div class='ocr_carea' id='block_1_2' title="bbox 1 262 912 3097">
    <p class='ocr_par' dir='ltr' id='par_1_2' title="bbox 72 262 912 1142">
     <span class='ocr_line' id='line_1_2' title="bbox 72 262 876 357; baseline -0.009 -3"><span class='ocrx_word' id='word_1_2' title='bbox 72 266 286 355; x_wconf 75' lang='lat' dir='ltr'>uereav.</span> <span class='ocrx_word' id='word_1_3' title='bbox 309 265 360 347; x_wconf 89' lang='lat' dir='ltr'>C.</span> <span class='ocrx_word' id='word_1_4' title='bbox 389 262 567 348; x_wconf 81' lang='lat' dir='ltr'>affertum</span> <span class='ocrx_word' id='word_1_5' title='bbox 602 263 740 357; x_wconf 63' lang='lat' dir='ltr'>fuisse,</span> <span class='ocrx_word' id='word_1_6' title='bbox 769 267 876 347; x_wconf 61' lang='lat' dir='ltr'>nun?</span> 
     </span>
     <span class='ocr_line' id='line_1_3' title="bbox 72 372 869 486; baseline -0.006 -26"><span class='ocrx_word' id='word_1_7' title='bbox 72 405 213 486; x_wconf 88' lang='lat' dir='ltr'>quam,</span> <span class='ocrx_word' id='word_1_8' title='bbox 245 373 315 457; x_wconf 88' lang='lat' dir='ltr'>nisr</span> <span class='ocrx_word' id='word_1_9' title='bbox 335 372 527 458; x_wconf 82' lang='lat' dir='ltr'>refutandi</span> <span class='ocrx_word' id='word_1_10' title='bbox 548 374 869 484; x_wconf 62' lang='lat' dir='ltr'>caussaprimoria</span> 
     </span>
     <span class='ocr_line' id='line_1_4' title="bbox 74 485 870 570; baseline -0.008 0"><span class='ocrx_word' id='word_1_11' title='bbox 74 487 147 570; x_wconf 88' lang='lat' dir='ltr'>bus</span> <span class='ocrx_word' id='word_1_12' title='bbox 181 485 288 568; x_wconf 91' lang='lat' dir='ltr'>libris</span> <span class='ocrx_word' id='word_1_13' title='bbox 316 487 491 570; x_wconf 72' lang='lat' dir='ltr'>auiiores</span> <span class='ocrx_word' id='word_1_14' title='bbox 527 506 554 566; x_wconf 66' lang='lat' dir='ltr'>a‘</span> <span class='ocrx_word' id='word_1_15' title='bbox 589 485 707 564; x_wconf 85' lang='lat' dir='ltr'>Livio</span> <span class='ocrx_word' id='word_1_16' title='bbox 744 486 870 566; x_wconf 85' lang='lat' dir='ltr'>citari.</span> 
     </span>
     <span class='ocr_line' id='line_1_5' title="bbox 73 591 875 701; baseline -0.002 -22"><span class='ocrx_word' id='word_1_17' title='bbox 73 595 169 679; x_wconf 88' lang='lat' dir='ltr'>Nec</span> <span class='ocrx_word' id='word_1_18' title='bbox 199 623 299 701; x_wconf 89' lang='lat' dir='ltr'>opus</span> <span class='ocrx_word' id='word_1_19' title='bbox 328 593 419 691; x_wconf 80' lang='lat' dir='ltr'>est,</span> <span class='ocrx_word' id='word_1_20' title='bbox 456 609 500 677; x_wconf 87' lang='lat' dir='ltr'>ut</span> <span class='ocrx_word' id='word_1_21' title='bbox 527 595 592 701; x_wconf 77' lang='lat' dir='ltr'>hic</span> <span class='ocrx_word' id='word_1_22' title='bbox 625 591 875 699; x_wconf 65' lang='lat' dir='ltr'>referamus,</span> 
     </span>
     <span class='ocr_line' id='line_1_6' title="bbox 73 701 872 814; baseline 0.003 -32"><span class='ocrx_word' id='word_1_23' title='bbox 73 729 176 814; x_wconf 89' lang='lat' dir='ltr'>quae</span> <span class='ocrx_word' id='word_1_24' title='bbox 206 705 257 786; x_wconf 89' lang='lat' dir='ltr'>de</span> <span class='ocrx_word' id='word_1_25' title='bbox 285 704 470 786; x_wconf 86' lang='lat' dir='ltr'>sent&#39;entia</span> <span class='ocrx_word' id='word_1_26' title='bbox 499 702 634 809; x_wconf 82' lang='lat' dir='ltr'>Voffir&#39;,</span> <span class='ocrx_word' id='word_1_27' title='bbox 663 701 872 812; x_wconf 81' lang='lat' dir='ltr'>Salmafir&#39;,</span> 
     </span>
     <span class='ocr_line' id='line_1_7' title="bbox 74 812 912 924; baseline -0.002 -27"><span class='ocrx_word' id='word_1_28' title='bbox 74 813 320 924; x_wconf 83' lang='lat' dir='ltr'>aliorumque</span> <span class='ocrx_word' id='word_1_29' title='bbox 359 812 474 898; x_wconf 81' lang='lat' dir='ltr'>refert</span> <span class='ocrx_word' id='word_1_30' title='bbox 510 813 767 903; x_wconf 88' lang='lat' dir='ltr'>Gronovius,</span> <span class='ocrx_word' id='word_1_31' title='bbox 800 814 875 920; x_wconf 86' lang='lat' dir='ltr'>qui</span> <span class='ocrx_word' id='word_1_32' title='bbox 910 892 912 896; x_wconf 73' lang='grc'><strong>,</strong></span> 
     </span>
     <span class='ocr_line' id='line_1_8' title="bbox 74 922 874 1012; baseline 0.004 -8"><span class='ocrx_word' id='word_1_33' title='bbox 74 949 125 1005; x_wconf 85' lang='lat' dir='ltr'>ex</span> <span class='ocrx_word' id='word_1_34' title='bbox 173 922 336 1006; x_wconf 84' lang='lat' dir='ltr'>Graecia</span> <span class='ocrx_word' id='word_1_35' title='bbox 385 922 613 1012; x_wconf 45' lang='lat' dir='ltr'>Romulum*</span> <span class='ocrx_word' id='word_1_36' title='bbox 658 922 874 1010; x_wconf 77' lang='lat' dir='ltr'>arceiiuntr</span> 
     </span>
     <span class='ocr_line' id='line_1_9' title="bbox 74 1028 876 1142; baseline 0.001 -31"><span class='ocrx_word' id='word_1_37' title='bbox 74 1028 241 1138; x_wconf 48' lang='lat' dir='ltr'>quod-*a</span> <span class='ocrx_word' id='word_1_38' title='bbox 275 1031 428 1142; x_wconf 84' lang='lat' dir='ltr'>vulgari</span> <span class='ocrx_word' id='word_1_39' title='bbox 457 1032 643 1114; x_wconf 88' lang='lat' dir='ltr'>sententia</span> <span class='ocrx_word' id='word_1_40' title='bbox 671 1058 750 1114; x_wconf 90' lang='lat' dir='ltr'>non</span> <span class='ocrx_word' id='word_1_41' title='bbox 771 1031 876 1114; x_wconf 84' lang='lat' dir='ltr'>mul-</span> 
     </span>
    </p>

    <p class='ocr_par' dir='ltr' id='par_1_3' title="bbox 30 1138 897 2652">
     <span class='ocr_line' id='line_1_10' title="bbox 30 1138 878 1250; baseline 0.002 -27"><span class='ocrx_word' id='word_1_42' title='bbox 30 1204 32 1209; x_wconf 82' lang='grc'>.</span> <span class='ocrx_word' id='word_1_43' title='bbox 75 1159 161 1245; x_wconf 85' lang='lat' dir='ltr'>tum</span> <span class='ocrx_word' id='word_1_44' title='bbox 184 1142 335 1226; x_wconf 91' lang='lat' dir='ltr'>abludit</span> <span class='ocrx_word' id='word_1_45' title='bbox 351 1197 363 1238; x_wconf 90' lang='lat'>,</span> <span class='ocrx_word' id='word_1_46' title='bbox 378 1169 468 1226; x_wconf 88' lang='lat' dir='ltr'>cum</span> <span class='ocrx_word' id='word_1_47' title='bbox 487 1144 652 1227; x_wconf 85' lang='lat' dir='ltr'>rationes</span> <span class='ocrx_word' id='word_1_48' title='bbox 662 1138 878 1250; x_wconf 82' lang='lat' dir='ltr'>srnr,quae</span> 
     </span>
     <span class='ocr_line' id='line_1_11' title="bbox 74 1248 878 1361; baseline -0.007 -27"><span class='ocrx_word' id='word_1_49' title='bbox 74 1248 275 1350; x_wconf 87' lang='lat' dir='ltr'>doceant,</span> <span class='ocrx_word' id='word_1_50' title='bbox 292 1254 480 1361; x_wconf 80' lang='lat' dir='ltr'>-Phryges</span> <span class='ocrx_word' id='word_1_51' title='bbox 511 1253 674 1334; x_wconf 88' lang='lat' dir='ltr'>colonos</span> <span class='ocrx_word' id='word_1_52' title='bbox 705 1250 878 1335; x_wconf 79' lang='lat' dir='ltr'>Graeco..</span> 
     </span>
     <span class='ocr_line' id='line_1_12' title="bbox 74 1361 879 1467; baseline 0 -23"><span class='ocrx_word' id='word_1_53' title='bbox 74 1385 161 1444; x_wconf 85' lang='lat' dir='ltr'>rum</span> <span class='ocrx_word' id='word_1_54' title='bbox 181 1361 314 1460; x_wconf 76' lang='lat' dir='ltr'>suiss&#39;e3</span> <span class='ocrx_word' id='word_1_55' title='bbox 342 1386 387 1443; x_wconf 92' lang='lat' dir='ltr'>ut</span> <span class='ocrx_word' id='word_1_56' title='bbox 402 1367 483 1467; x_wconf 84' lang='lat' dir='ltr'>jam</span> <span class='ocrx_word' id='word_1_57' title='bbox 505 1361 711 1442; x_wconf 86' lang='lat' dir='ltr'><strong>innuimus.</strong></span> <span class='ocrx_word' id='word_1_58' title='bbox 761 1363 879 1444; x_wconf 85' lang='lat' dir='ltr'><strong>Idem</strong></span> 
     </span>
     <span class='ocr_line' id='line_1_13' title="bbox 73 1467 881 1569; baseline 0.002 -18"><span class='ocrx_word' id='word_1_59' title='bbox 73 1470 284 1552; x_wconf 85' lang='lat' dir='ltr'>Maximus</span> <span class='ocrx_word' id='word_1_60' title='bbox 303 1472 377 1550; x_wconf 86' lang='lat' dir='ltr'>Vir</span> <span class='ocrx_word' id='word_1_61' title='bbox 396 1491 432 1562; x_wconf 76' lang='lat'>²,</span> <span class='ocrx_word' id='word_1_62' title='bbox 462 1467 641 1558; x_wconf 85' lang='lat' dir='ltr'>Voffium</span> <span class='ocrx_word' id='word_1_63' title='bbox 663 1469 759 1551; x_wconf 92' lang='lat' dir='ltr'>dico</span> <span class='ocrx_word' id='word_1_64' title='bbox 768 1527 786 1569; x_wconf 82' lang='lat'>,-</span> <span class='ocrx_word' id='word_1_65' title='bbox 800 1478 881 1553; x_wconf 79' lang='lat' dir='ltr'>An·</span> 
     </span>
     <span class='ocr_line' id='line_1_14' title="bbox 75 1573 880 1689; baseline 0.011 -35"><span class='ocrx_word' id='word_1_66' title='bbox 75 1573 236 1677; x_wconf 82' lang='lat' dir='ltr'>nalibus</span> <span class='ocrx_word' id='word_1_67' title='bbox 262 1575 537 1672; x_wconf 85' lang='lat' dir='ltr'>Pontificum,</span> <span class='ocrx_word' id='word_1_68' title='bbox 569 1581 675 1664; x_wconf 86' lang='lat' dir='ltr'>unde</span> <span class='ocrx_word' id='word_1_69' title='bbox 708 1579 880 1689; x_wconf 83' lang='lat' dir='ltr'>piurima</span> 
     </span>
     <span class='ocr_line' id='line_1_15' title="bbox 74 1681 878 1791; baseline 0.016 -28"><span class='ocrx_word' id='word_1_70' title='bbox 74 1681 286 1769; x_wconf 86' lang='lat' dir='ltr'>hauserunt</span> <span class='ocrx_word' id='word_1_71' title='bbox 329 1687 474 1791; x_wconf 59' lang='lat' dir='ltr'>Liviusv</span> <span class='ocrx_word' id='word_1_72' title='bbox 509 1696 549 1772; x_wconf 63' lang='grc' dir='ltr'>ὃ(</span> <span class='ocrx_word' id='word_1_73' title='bbox 588 1690 674 1782; x_wconf 89' lang='lat' dir='ltr'>alii,</span> <span class='ocrx_word' id='word_1_74' title='bbox 704 1689 878 1775; x_wconf 84' lang='lat' dir='ltr'>multum</span> 
     </span>
     <span class='ocr_line' id='line_1_16' title="bbox 73 1793 879 1909; baseline 0.015 -39"><span class='ocrx_word' id='word_1_75' title='bbox 73 1793 221 1874; x_wconf 84' lang='lat' dir='ltr'>merito</span> <span class='ocrx_word' id='word_1_76' title='bbox 253 1797 419 1879; x_wconf 85' lang='lat' dir='ltr'>tribuit:</span> <span class='ocrx_word' id='word_1_77' title='bbox 459 1826 547 1880; x_wconf 88' lang='lat' dir='ltr'>cum</span> <span class='ocrx_word' id='word_1_78' title='bbox 583 1799 640 1883; x_wconf 88' lang='lat' dir='ltr'>illi</span> <span class='ocrx_word' id='word_1_79' title='bbox 666 1799 773 1909; x_wconf 83' lang='lat' dir='ltr'>juffu</span> <span class='ocrx_word' id='word_1_80' title='bbox 803 1827 879 1908; x_wconf 83' lang='lat' dir='ltr'>pu-</span> 
     </span>
     <span class='ocr_line' id='line_1_17' title="bbox 73 1895 878 1992; baseline 0.019 -15"><span class='ocrx_word' id='word_1_81' title='bbox 73 1895 187 1978; x_wconf 82' lang='lat' dir='ltr'>blico</span> <span class='ocrx_word' id='word_1_82' title='bbox 208 1935 230 1986; x_wconf 91' lang='lat' dir='ltr'>a</span> <span class='ocrx_word' id='word_1_83' title='bbox 252 1903 520 1992; x_wconf 88' lang='lat' dir='ltr'>Pontificibus·</span> <span class='ocrx_word' id='word_1_84' title='bbox 534 1908 878 1992; x_wconf 83' lang='lat' dir='ltr'>conscriberentur.</span> 
     </span>
     <span class='ocr_line' id='line_1_18' title="bbox 75 2007 878 2130; baseline 0.007 -34"><span class='ocrx_word' id='word_1_85' title='bbox 75 2007 151 2096; x_wconf 84' lang='lat' dir='ltr'>Et,</span> <span class='ocrx_word' id='word_1_86' title='bbox 181 2008 276 2097; x_wconf 85' lang='lat' dir='ltr'>licet</span> <span class='ocrx_word' id='word_1_87' title='bbox 302 2016 413 2096; x_wconf 88' lang='lat' dir='ltr'>Urbe</span> <span class='ocrx_word' id='word_1_88' title='bbox 431 2048 453 2098; x_wconf 87' lang='lat' dir='ltr'>a</span> <span class='ocrx_word' id='word_1_89' title='bbox 476 2016 601 2100; x_wconf 79' lang='lat' dir='ltr'>Gallis</span> <span class='ocrx_word' id='word_1_90' title='bbox 620 2016 772 2100; x_wconf 82' lang='lat' dir='ltr'>incensa·</span> <span class='ocrx_word' id='word_1_91' title='bbox 793 2021 878 2130; x_wconf 90' lang='lat' dir='ltr'>ple-</span> 
     </span>
     <span class='ocr_line' id='line_1_19' title="bbox 71 2127 897 2237; baseline 0.008 -31"><span class='ocrx_word' id='word_1_92' title='bbox 71 2137 198 2220; x_wconf 69' lang='lat' dir='ltr'>saque</span> <span class='ocrx_word' id='word_1_93' title='bbox 215 2148 467 2235; x_wconf 81' lang='lat' dir='ltr'>monumenta</span> <span class='ocrx_word' id='word_1_94' title='bbox 494 2127 653 2236; x_wconf 81' lang='lat' dir='ltr'>publica</span> <span class='ocrx_word' id='word_1_95' title='bbox 675 2128 897 2237; x_wconf 89' lang='lat' dir='ltr'>absumpta-</span> 
     </span>
     <span class='ocr_line' id='line_1_20' title="bbox 71 2216 880 2347; baseline 0.023 -46"><span class='ocrx_word' id='word_1_96' title='bbox 71 2216 247 2344; x_wconf 74' lang='lat' dir='ltr'>fuerint,</span> <span class='ocrx_word' id='word_1_97' title='bbox 276 2256 509 2320; x_wconf 75' lang='lat' dir='ltr'>tamennon</span> <span class='ocrx_word' id='word_1_98' title='bbox 540 2241 671 2320; x_wconf 90' lang='lat' dir='ltr'>omnis</span> <span class='ocrx_word' id='word_1_99' title='bbox 702 2241 880 2347; x_wconf 88' lang='lat' dir='ltr'>antiqui·</span> 
     </span>
     <span class='ocr_line' id='line_1_21' title="bbox 70 2343 878 2455; baseline 0.012 -34"><span class='ocrx_word' id='word_1_100' title='bbox 70 2343 166 2407; x_wconf 64' lang='lat'>‘²11⁸</span> <span class='ocrx_word' id='word_1_101' title='bbox 197 2343 400 2425; x_wconf 82' lang='lat' dir='ltr'>Romanae</span> <span class='ocrx_word' id='word_1_102' title='bbox 424 2343 595 2427; x_wconf 82' lang='lat' dir='ltr'>scientia</span> <span class='ocrx_word' id='word_1_103' title='bbox 610 2349 702 2428; x_wconf 87' lang='lat' dir='ltr'>inde</span> <span class='ocrx_word' id='word_1_104' title='bbox 731 2351 878 2455; x_wconf 87' lang='lat' dir='ltr'>periit:</span> 
     </span>
     <span class='ocr_line' id='line_1_22' title="bbox 72 2450 881 2559; baseline 0.043 -52"><span class='ocrx_word' id='word_1_105' title='bbox 72 2454 164 2516; x_wconf 87' lang='lat' dir='ltr'>nam</span> <span class='ocrx_word' id='word_1_106' title='bbox 196 2453 238 2528; x_wconf 70' lang='grc' dir='ltr'>ὃ(</span> <span class='ocrx_word' id='word_1_107' title='bbox 279 2453 421 2559; x_wconf 86' lang='lat' dir='ltr'>privati</span> <span class='ocrx_word' id='word_1_108' title='bbox 455 2450 633 2537; x_wconf 80' lang='lat' dir='ltr'>homiues</span> <span class='ocrx_word' id='word_1_109' title='bbox 667 2454 881 2542; x_wconf 84' lang='lat' dir='ltr'>multarum</span> 
     </span>
     <span class='ocr_line' id='line_1_23' title="bbox 70 2561 882 2652; baseline 0.014 -13"><span class='ocrx_word' id='word_1_110' title='bbox 70 2562 206 2630; x_wconf 57' lang='lat' dir='ltr'>ferum</span> <span class='ocrx_word' id='word_1_111' title='bbox 242 2564 424 2645; x_wconf 83' lang='lat' dir='ltr'>notitiam</span> <span class='ocrx_word' id='word_1_112' title='bbox 456 2564 494 2642; x_wconf 88' lang='lat' dir='ltr'>in</span> <span class='ocrx_word' id='word_1_113' title='bbox 518 2561 591 2642; x_wconf 86' lang='lat' dir='ltr'>suis</span> <span class='ocrx_word' id='word_1_114' title='bbox 624 2563 782 2649; x_wconf 86' lang='lat' dir='ltr'>familiis</span> <span class='ocrx_word' id='word_1_115' title='bbox 804 2569 882 2652; x_wconf 81' lang='lat' dir='ltr'>ser-</span> 
     </span>
    </p>

    <p class='ocr_par' dir='ltr' id='par_1_4' title="bbox 1 2667 885 3012">
     <span class='ocr_line' id='line_1_24' title="bbox 1 2667 885 2779; baseline 0.016 -34"><span class='ocrx_word' id='word_1_116' title='bbox 1 2667 885 2779; x_wconf 44' lang='lat' dir='ltr'>*Qffimwmfflmmwmwm</span> 
     </span>
     <span class='ocr_line' id='line_1_25' title="bbox 66 2772 884 2892; baseline 0.049 -61"><span class='ocrx_word' id='word_1_117' title='bbox 66 2774 183 2844; x_wconf 76' lang='lat' dir='ltr'><strong>elves</strong></span> <span class='ocrx_word' id='word_1_118' title='bbox 204 2772 263 2857; x_wconf 83' lang='lat' dir='ltr'>in·</span> <span class='ocrx_word' id='word_1_119' title='bbox 281 2777 359 2864; x_wconf 82' lang='lat' dir='ltr'>suis</span> <span class='ocrx_word' id='word_1_120' title='bbox 389 2783 540 2892; x_wconf 85' lang='lat' dir='ltr'>quique</span> <span class='ocrx_word' id='word_1_121' title='bbox 572 2785 733 2870; x_wconf 89' lang='lat' dir='ltr'>urbibus</span> <span class='ocrx_word' id='word_1_122' title='bbox 761 2782 884 2871; x_wconf 84' lang='lat' dir='ltr'>etiam</span> 
     </span>
     <span class='ocr_line' id='line_1_26' title="bbox 67 2855 885 3012; baseline 0.039 -60"><span class='ocrx_word' id='word_1_123' title='bbox 67 2855 256 2968; x_wconf 72' lang='lat' dir='ltr'>Annales</span> <span class='ocrx_word' id='word_1_124' title='bbox 281 2889 542 3003; x_wconf 84' lang='lat' dir='ltr'>conscripsrffe</span> <span class='ocrx_word' id='word_1_125' title='bbox 557 2895 796 3012; x_wconf 60' lang='lat' dir='ltr'>credundum</span> <span class='ocrx_word' id='word_1_126' title='bbox 816 2897 885 2984; x_wconf 83' lang='lat' dir='ltr'>est:</span> 
     </span>
    </p>

    <p class='ocr_par' dir='ltr' id='par_1_5' title="bbox 459 3026 887 3097">
     <span class='ocr_line' id='line_1_27' title="bbox 459 3026 887 3097; baseline 0.007 -3"><span class='ocrx_word' id='word_1_127' title='bbox 459 3055 461 3059; x_wconf 93' lang='lat'>·</span> <span class='ocrx_word' id='word_1_128' title='bbox 720 3026 724 3033; x_wconf 72' lang='grc'><em>’</em></span> <span class='ocrx_word' id='word_1_129' title='bbox 780 3066 783 3071; x_wconf 96' lang='grc'>-</span> <span class='ocrx_word' id='word_1_130' title='bbox 837 3029 887 3097; x_wconf 87' lang='lat' dir='ltr'>ut</span> 
     </span>
    </p>
   </div>
   <div class='ocr_carea' id='block_1_3' title="bbox 57 3103 543 3234">
    <p class='ocr_par' dir='ltr' id='par_1_6' title="bbox 57 3103 543 3234">
     <span class='ocr_line' id='line_1_28' title="bbox 57 3103 543 3234; baseline 0.012 -4"><span class='ocrx_word' id='word_1_131' title='bbox 57 3112 64 3156; x_wconf 72' lang='lat'><em>³</em></span> <span class='ocrx_word' id='word_1_132' title='bbox 105 3115 133 3178; x_wconf 61' lang='lat'>‘²&#39;</span> <span class='ocrx_word' id='word_1_133' title='bbox 149 3103 211 3212; x_wconf 56' lang='lat'>⁰³</span> <span class='ocrx_word' id='word_1_134' title='bbox 230 3122 347 3234; x_wconf 63' lang='lat' dir='ltr'>{sum</span> <span class='ocrx_word' id='word_1_135' title='bbox 367 3131 444 3226; x_wconf 63' lang='lat' dir='ltr'>aaa·</span> <span class='ocrx_word' id='word_1_136' title='bbox 461 3105 491 3226; x_wconf 66' lang='lat'>&#39;12</span> <span class='ocrx_word' id='word_1_137' title='bbox 511 3143 543 3224; x_wconf 65' lang='lat' dir='ltr'>&#39;a&#39;</span> 
     </span>
    </p>
   </div>
   <div class='ocr_carea' id='block_1_4' title="bbox 0 0 1007 3554">
    <p class='ocr_par' dir='ltr' id='par_1_7' title="bbox 0 0 1007 3554">
     <span class='ocr_line' id='line_1_29' title="bbox 0 0 1007 3554; baseline 0 0"><span class='ocrx_word' id='word_1_138' title='bbox 0 0 1007 3554; x_wconf 95' lang='lat' dir='ltr'> </span> 
     </span>
    </p>
   </div>
  </div>
 </body>
</html>
