2048 3526
174 121 333 196 Reum.
355 120 515 198 Roman,
539 119 621 195 L'rn.
631 120 679 194 V.
729 129 801 218 569

109 306 181 357 mos
204 307 223 352 a
246 278 426 378 suspicione
448 279 564 353 talium
591 281 804 354 consiliorum

108 380 316 468 abduceret,
363 378 506 449 mediam
548 381 582 452 in
620 381 805 451 Thraciam

111 478 297 548 exercitum
332 475 438 548 duxit.
488 475 552 547 Sed
587 477 803 564 Marciusa,

137 574 170 642 ui
188 574 285 645 adres
293 574 455 647 Graeciae
464 573 805 670 Macedoniaequevi·
874 661 880 670 l

112 597 478 760 iendasnrissussuerat,
503 668 687 767 scripserat,
722 673 806 755 „ita
929 672 932 677 ’

111 817 137 855 ,,
162 767 269 840 fecisse
295 790 392 857 eum,
417 792 499 864 quae
514 771 648 844 Senatui
667 767 806 866 placuis-

111 912 135 953 ,‚
161 864 251 957 sent,
278 886 316 937 ut
331 864 426 937 facile
438 864 626 963 appareret,
653 866 806 936 nondin-

112 1013 137 1054 ,‚
162 964 246 1049 tius,
272 961 806 1060 quamnecesseessemsaeiurum,
858 1019 862 1026 .

112 1107 137 1150 ‚‚
160 1064 360 1158 omniaque,
377 1083 460 1156 quae
475 1082 559 1135 tunc
568 1079 697 1160 ageret,
715 1062 807 1133 dice·

112 1209 136 1242 „
161 1177 279 1256 retque
301 1156 343 1229 ad
374 1158 589 1231 rebellionem
603 1156 754 1252 spectare.
780 1166 807 1201 “

112 1251 209 1343 Quin
243 1256 434 1327 Demetrius
469 1255 615 1351 Philippi
648 1253 737 1327 filius
755 1254 803 1341 b,
850 1284 852 1289 ¹

113 1353 203 1448 quod
222 1352 256 1422 in
275 1353 447 1424 Romanos
463 1351 658 1450 propensior
675 1353 806 1424 videre·

114 1468 190 1541 tur,
215 1450 384 1521 accusante
410 1452 509 1536 etiarn
541 1450 640 1522 fratre
669 1450 805 1536 Perseo,

113 1546 204 1639 quasr
226 1545 284 1617 srbi
310 1546 443 1618 infidiae
467 1573 485 1619 a
505 1547 681 1620 Demetrio
706 1547 808 1619 essent

114 1641 275 1728 structae,
300 1644 337 1716 &
361 1643 449 1716 falsas
473 1646 580 1718 literas
596 1640 759 1740 tanquam
789 1669 809 1717 a

114 1740 162 1812 T.
178 1738 342 1835 Quinffio
355 1743 395 1812 ad
413 1744 625 1816 Demetrium
644 1741 809 1816 datasfin-

114 1860 216 2004 §ente
233 1855 251 1895 c
269 1889 278 1921 ‚
304 1841 404 1935 patris
417 1841 504 1936 jussu
521 1839 712 1915 interfecius
731 1865 807 1912 cre·

139 1937 213 2004 itur.
240 1935 307 2008 Sed
323 1937 499 2006 veritatem
523 1935 610 2007 haud
634 1940 681 2008 ira
699 1938 963 2020 rnul'tnAua572.

115 2029 189 2127 post
207 2027 342 2099 edoeius
358 2028 405 2099 est
421 2031 460 2099 ab
482 2036 638 2125 Antigono
649 2035 807 2102 Echecra-

115 2135 155 2199 tis
174 2125 265 2212 filio‚'
298 2129 391 2217 cujus
408 2147 542 2221 patruus
567 2133 739 2223 Antigonus
754 2151 808 2202 tu·

115 2245 171 2298 tor
204 2223 353 2320 Philippi
391 2221 497 2296 fuerat
516 2225 563 2294 d:
596 2226 707 2319 itaque
731 2226 812 2297 Per·

116 2323 345 2408 seuslscertior
373 2318 503 2407 fastus,
541 2325 652 2393 omnia
684 2322 812 2395 derecta

118 2419 181 2491 esse
200 2437 246 2509 θ,
270 2420 348 2492 licet
371 2422 544 2517 potentior
570 2420 676 2504 esset,
713 2445 811 2515 quam

119 2537 161 2590 ut
185 2515 298 2614 sugam
324 2517 531 2588 necessariam
558 2517 726 2607 dirueret,
760 2539 811 2590 ta·

120 2637 198 2685 men
213 2635 251 2685 ut
267 2615 382 2709 procul
392 2613 531 2701 abesset,
557 2615 701 2689 curabat.
731 2617 813 2688 Phi·

119 2711 227 2808 lippus
245 2713 811 2880 omniveritrpteintelleciaregnlpm

355 2894 358 2901 Ι
468 2833 488 2878 n
517 2830 533 2902 5
775 2835 814 2882 n·
870 2827 873 2834 '

159 2981 175 3022 a
195 2964 233 3022 rd.
254 2973 348 3026 exe.
369 2985 389 3022 ι.
403 2982 499 3040 w3.
537 2965 631 3026 brbid.
653 2987 708 3043 c.5.
728 2969 815 3042 runa.
843 2955 847 2963 '

119 3039 315 3116 animam.
353 3043 678 3122 cLiv.d.l.c.23.m·54·
715 3043 812 3106 dein

118 3131 192 3191 t.54.
232 3116 331 3200 tibiis.
349 3119 422 3193 arb.
