<?xml version="1.0" encoding="UTF-8"?>
<!DOCTYPE html PUBLIC "-//W3C//DTD XHTML 1.0 Transitional//EN"
    "http://www.w3.org/TR/xhtml1/DTD/xhtml1-transitional.dtd">
<html xmlns="http://www.w3.org/1999/xhtml" xml:lang="en" lang="en">
 <head>
  <title>
</title>
<meta http-equiv="Content-Type" content="text/html;charset=utf-8" />
  <meta name='ocr-system' content='tesseract 3.04.00' />
  <meta name='ocr-capabilities' content='ocr_page ocr_carea ocr_par ocr_line ocrx_word'/>
</head>
<body>
  <div class='ocr_page' id='page_1' title='image "./historiareipubl00nieugoog/historiareipubl00nieugoog_0274.png"; bbox 0 0 2002 3554; ppageno 0'>
   <div class='ocr_carea' id='block_1_1' title="bbox 77 108 768 233">
    <p class='ocr_par' dir='ltr' id='par_1_1' title="bbox 77 108 768 233">
     <span class='ocr_line' id='line_1_1' title="bbox 77 108 768 233; baseline 0 -23"><span class='ocrx_word' id='word_1_1' title='bbox 77 168 81 175; x_wconf 57' lang='lat'><strong><em>¹</em></strong></span> <span class='ocrx_word' id='word_1_2' title='bbox 130 134 288 212; x_wconf 77' lang='lat' dir='ltr'><strong>Remus.</strong></span> <span class='ocrx_word' id='word_1_3' title='bbox 313 132 478 208; x_wconf 70' lang='lat' dir='ltr'><strong>Romen.</strong></span> <span class='ocrx_word' id='word_1_4' title='bbox 501 108 580 208; x_wconf 70' lang='lat' dir='ltr'><strong>tte.</strong></span> <span class='ocrx_word' id='word_1_5' title='bbox 597 132 643 209; x_wconf 86' lang='grc' dir='ltr'><strong>ΙΙ.</strong></span> <span class='ocrx_word' id='word_1_6' title='bbox 692 133 768 233; x_wconf 79' lang='lat' dir='ltr'><strong>&#39;t79</strong></span> 
     </span>
    </p>
   </div>
   <div class='ocr_carea' id='block_1_2' title="bbox 57 271 767 490">
    <p class='ocr_par' dir='ltr' id='par_1_2' title="bbox 57 271 767 490">
     <span class='ocr_line' id='line_1_2' title="bbox 60 271 767 393; baseline -0.003 -22"><span class='ocrx_word' id='word_1_7' title='bbox 60 294 251 388; x_wconf 87' lang='lat' dir='ltr'><strong>meritum,</strong></span> <span class='ocrx_word' id='word_1_8' title='bbox 282 291 375 393; x_wconf 90' lang='lat' dir='ltr'><strong>quod</strong></span> <span class='ocrx_word' id='word_1_9' title='bbox 402 291 494 366; x_wconf 92' lang='lat' dir='ltr'><strong>bello</strong></span> <span class='ocrx_word' id='word_1_10' title='bbox 519 271 653 373; x_wconf 75' lang='lat' dir='ltr'><strong>Gallico</strong></span> <span class='ocrx_word' id='word_1_11' title='bbox 678 292 767 381; x_wconf 82' lang='lat' dir='ltr'><strong>sacra</strong></span> 
     </span>
     <span class='ocr_line' id='line_1_3' title="bbox 57 390 764 490; baseline -0.003 -20"><span class='ocrx_word' id='word_1_12' title='bbox 57 390 764 490; x_wconf 62' lang='lat' dir='ltr'><strong>Romanorum&#39;acceptariteproemdllent,</strong></span> 
     </span>
    </p>
   </div>
   <div class='ocr_carea' id='block_1_3' title="bbox 58 489 923 577">
    <p class='ocr_par' dir='ltr' id='par_1_3' title="bbox 58 489 923 577">
     <span class='ocr_line' id='line_1_4' title="bbox 58 489 923 577; baseline 0.005 -13"><span class='ocrx_word' id='word_1_13' title='bbox 58 492 216 565; x_wconf 82' lang='lat' dir='ltr'>induciae</span> <span class='ocrx_word' id='word_1_14' title='bbox 236 492 275 564; x_wconf 87' lang='lat' dir='ltr'><strong>in</strong></span> <span class='ocrx_word' id='word_1_15' title='bbox 293 507 432 565; x_wconf 90' lang='lat' dir='ltr'><strong>centum</strong></span> <span class='ocrx_word' id='word_1_16' title='bbox 447 489 694 577; x_wconf 84' lang='lat' dir='ltr'><strong>annosiissunt</strong></span> <span class='ocrx_word' id='word_1_17' title='bbox 708 490 765 569; x_wconf 76' lang='lat' dir='ltr'><strong>dn·</strong></span> <span class='ocrx_word' id='word_1_18' title='bbox 794 556 797 561; x_wconf 94' lang='lat'>.</span> <span class='ocrx_word' id='word_1_19' title='bbox 824 540 836 559; x_wconf 77' lang='lat'><strong>·-</strong></span> <span class='ocrx_word' id='word_1_20' title='bbox 880 556 882 561; x_wconf 66' lang='lat'><strong>,</strong></span> <span class='ocrx_word' id='word_1_21' title='bbox 916 534 923 551; x_wconf 89' lang='lat'><strong>·</strong></span> 
     </span>
    </p>
   </div>
   <div class='ocr_carea' id='block_1_4' title="bbox 59 586 891 2246">
    <p class='ocr_par' dir='ltr' id='par_1_4' title="bbox 59 586 891 2246">
     <span class='ocr_line' id='line_1_5' title="bbox 61 586 768 684; baseline 0.007 -22"><span class='ocrx_word' id='word_1_22' title='bbox 61 609 131 662; x_wconf 89' lang='lat' dir='ltr'><strong>tae.</strong></span> <span class='ocrx_word' id='word_1_23' title='bbox 158 591 260 661; x_wconf 89' lang='lat' dir='ltr'><strong>Anno</strong></span> <span class='ocrx_word' id='word_1_24' title='bbox 284 586 388 663; x_wconf 86' lang='lat' dir='ltr'><strong>Urbis</strong></span> <span class='ocrx_word' id='word_1_25' title='bbox 400 610 510 684; x_wconf 78' lang='grc' dir='ltr'>4οι.,</span> <span class='ocrx_word' id='word_1_26' title='bbox 534 613 613 662; x_wconf 92' lang='lat' dir='ltr'><strong>cum</strong></span> <span class='ocrx_word' id='word_1_27' title='bbox 627 586 768 667; x_wconf 73' lang='lat' dir='ltr'><strong>‹liutiti-</strong></span> 
     </span>
     <span class='ocr_line' id='line_1_6' title="bbox 60 684 769 789; baseline 0 -29"><span class='ocrx_word' id='word_1_28' title='bbox 60 709 120 760; x_wconf 90' lang='lat' dir='ltr'><strong>me</strong></span> <span class='ocrx_word' id='word_1_29' title='bbox 139 686 183 759; x_wconf 93' lang='lat' dir='ltr'><strong>de</strong></span> <span class='ocrx_word' id='word_1_30' title='bbox 198 687 301 761; x_wconf 87' lang='lat' dir='ltr'><strong>altero</strong></span> <span class='ocrx_word' id='word_1_31' title='bbox 314 684 461 760; x_wconf 82' lang='lat' dir='ltr'><strong>Consule</strong></span> <span class='ocrx_word' id='word_1_32' title='bbox 475 711 518 760; x_wconf 87' lang='lat' dir='ltr'><strong>ex</strong></span> <span class='ocrx_word' id='word_1_33' title='bbox 538 686 637 789; x_wconf 86' lang='lat' dir='ltr'>plebe</span> <span class='ocrx_word' id='word_1_34' title='bbox 650 692 769 789; x_wconf 71' lang='lat' dir='ltr'><strong>crean-</strong></span> 
     </span>
     <span class='ocr_line' id='line_1_7' title="bbox 61 783 782 876; baseline 0.011 -21"><span class='ocrx_word' id='word_1_35' title='bbox 61 783 111 856; x_wconf 92' lang='lat' dir='ltr'><strong>do</strong></span> <span class='ocrx_word' id='word_1_36' title='bbox 134 784 340 860; x_wconf 82' lang='lat' dir='ltr'>decertatum</span> <span class='ocrx_word' id='word_1_37' title='bbox 368 783 465 876; x_wconf 83' lang='lat' dir='ltr'><strong>esset,</strong></span> <span class='ocrx_word' id='word_1_38' title='bbox 488 785 627 859; x_wconf 89' lang='lat' dir='ltr'><strong>tandem</strong></span> <span class='ocrx_word' id='word_1_39' title='bbox 652 785 782 871; x_wconf 73' lang='lat' dir='ltr'><strong>Patre,</strong></span> 
     </span>
     <span class='ocr_line' id='line_1_8' title="bbox 59 880 768 981; baseline 0.006 -28"><span class='ocrx_word' id='word_1_40' title='bbox 59 880 242 957; x_wconf 82' lang='lat' dir='ltr'><strong>cesserunt:</strong></span> <span class='ocrx_word' id='word_1_41' title='bbox 269 885 314 957; x_wconf 85' lang='lat' dir='ltr'><strong>ita</strong></span> <span class='ocrx_word' id='word_1_42' title='bbox 336 903 375 956; x_wconf 93' lang='lat' dir='ltr'><strong>ut</strong></span> <span class='ocrx_word' id='word_1_43' title='bbox 391 907 435 957; x_wconf 87' lang='lat' dir='ltr'><strong>ex</strong></span> <span class='ocrx_word' id='word_1_44' title='bbox 451 883 551 981; x_wconf 87' lang='lat' dir='ltr'>plebe</span> <span class='ocrx_word' id='word_1_45' title='bbox 567 880 696 957; x_wconf 93' lang='lat' dir='ltr'><strong>Consul</strong></span> <span class='ocrx_word' id='word_1_46' title='bbox 714 881 768 957; x_wconf 64' lang='grc' dir='ltr'><strong>ἠ·</strong></span> 
     </span>
     <span class='ocr_line' id='line_1_9' title="bbox 62 976 768 1057; baseline 0.007 -5"><span class='ocrx_word' id='word_1_47' title='bbox 62 976 135 1053; x_wconf 74' lang='lat' dir='ltr'><strong>&amp;us</strong></span> <span class='ocrx_word' id='word_1_48' title='bbox 158 978 200 1055; x_wconf 86' lang='lat' dir='ltr'><strong>fit</strong></span> <span class='ocrx_word' id='word_1_49' title='bbox 218 980 262 1054; x_wconf 88' lang='lat' dir='ltr'><strong>C.</strong></span> <span class='ocrx_word' id='word_1_50' title='bbox 279 981 430 1055; x_wconf 85' lang='lat' dir='ltr'>Marcius</span> <span class='ocrx_word' id='word_1_51' title='bbox 462 980 602 1054; x_wconf 79' lang='lat' dir='ltr'><strong>Rutilus</strong></span> <span class='ocrx_word' id='word_1_52' title='bbox 641 982 768 1057; x_wconf 85' lang='lat' dir='ltr'><strong>iterum</strong></span> 
     </span>
     <span class='ocr_line' id='line_1_10' title="bbox 63 1076 767 1178; baseline 0.006 -30"><span class='ocrx_word' id='word_1_53' title='bbox 63 1076 195 1177; x_wconf 80' lang='lat' dir='ltr'>collega</span> <span class='ocrx_word' id='word_1_54' title='bbox 224 1081 256 1151; x_wconf 88' lang='lat' dir='ltr'><strong>ei</strong></span> <span class='ocrx_word' id='word_1_55' title='bbox 282 1077 362 1150; x_wconf 90' lang='lat' dir='ltr'><strong>dato</strong></span> <span class='ocrx_word' id='word_1_56' title='bbox 388 1081 431 1148; x_wconf 86' lang='lat' dir='ltr'><strong>P.</strong></span> <span class='ocrx_word' id='word_1_57' title='bbox 456 1080 579 1148; x_wconf 81' lang='lat' dir='ltr'><strong>Valerio</strong></span> <span class='ocrx_word' id='word_1_58' title='bbox 599 1081 767 1178; x_wconf 75' lang='lat' dir='ltr'><em>Poplicola.</em></span> 
     </span>
     <span class='ocr_line' id='line_1_11' title="bbox 63 1172 786 1251; baseline 0.001 -2"><span class='ocrx_word' id='word_1_59' title='bbox 63 1172 115 1249; x_wconf 89' lang='lat' dir='ltr'><strong>Hi</strong></span> <span class='ocrx_word' id='word_1_60' title='bbox 141 1200 222 1248; x_wconf 92' lang='lat' dir='ltr'><strong>cum</strong></span> <span class='ocrx_word' id='word_1_61' title='bbox 235 1176 366 1247; x_wconf 85' lang='lat' dir='ltr'><strong>animos</strong></span> <span class='ocrx_word' id='word_1_62' title='bbox 381 1173 417 1244; x_wconf 87' lang='lat' dir='ltr'><strong>in</strong></span> <span class='ocrx_word' id='word_1_63' title='bbox 432 1175 648 1247; x_wconf 83' lang='lat' dir='ltr'><strong>concordiam</strong></span> <span class='ocrx_word' id='word_1_64' title='bbox 669 1174 768 1251; x_wconf 83' lang='lat' dir='ltr'><strong>incli-</strong></span> <span class='ocrx_word' id='word_1_65' title='bbox 783 1209 786 1213; x_wconf 93' lang='lat'>·</span> 
     </span>
     <span class='ocr_line' id='line_1_12' title="bbox 64 1268 768 1362; baseline 0.001 -19"><span class='ocrx_word' id='word_1_66' title='bbox 64 1292 158 1345; x_wconf 89' lang='lat' dir='ltr'><strong>natos</strong></span> <span class='ocrx_word' id='word_1_67' title='bbox 173 1289 368 1360; x_wconf 86' lang='lat' dir='ltr'>cernerent,</span> <span class='ocrx_word' id='word_1_68' title='bbox 392 1268 586 1343; x_wconf 86' lang='lat' dir='ltr'><strong>foenebrem</strong></span> <span class='ocrx_word' id='word_1_69' title='bbox 603 1295 687 1362; x_wconf 84' lang='lat' dir='ltr'><strong>rem,</strong></span> <span class='ocrx_word' id='word_1_70' title='bbox 703 1294 768 1345; x_wconf 74' lang='lat' dir='ltr'><strong>un·</strong></span> 
     </span>
     <span class='ocr_line' id='line_1_13' title="bbox 63 1366 847 1467; baseline 0.004 -27"><span class='ocrx_word' id='word_1_71' title='bbox 63 1367 107 1440; x_wconf 90' lang='lat' dir='ltr'><strong>de</strong></span> <span class='ocrx_word' id='word_1_72' title='bbox 131 1392 292 1467; x_wconf 86' lang='lat' dir='ltr'><strong>perpetua</strong></span> <span class='ocrx_word' id='word_1_73' title='bbox 308 1366 472 1442; x_wconf 85' lang='lat' dir='ltr'>discordia</span> <span class='ocrx_word' id='word_1_74' title='bbox 491 1368 678 1456; x_wconf 83' lang='lat' dir='ltr'><strong>oriebatur,</strong></span> <span class='ocrx_word' id='word_1_75' title='bbox 703 1392 765 1443; x_wconf 89' lang='lat' dir='ltr'><strong>cu·</strong></span> <span class='ocrx_word' id='word_1_76' title='bbox 843 1452 847 1459; x_wconf 51' lang='grc'><strong>,</strong></span> 
     </span>
     <span class='ocr_line' id='line_1_14' title="bbox 62 1464 769 1569; baseline -0.001 -30"><span class='ocrx_word' id='word_1_77' title='bbox 62 1488 138 1539; x_wconf 91' lang='lat' dir='ltr'><strong>rare</strong></span> <span class='ocrx_word' id='word_1_78' title='bbox 152 1464 373 1565; x_wconf 83' lang='lat' dir='ltr'><strong>suntaggressi</strong></span> <span class='ocrx_word' id='word_1_79' title='bbox 405 1483 434 1540; x_wconf 76' lang='lat'><strong>².</strong></span> <span class='ocrx_word' id='word_1_80' title='bbox 485 1466 580 1540; x_wconf 90' lang='lat' dir='ltr'><strong>Huic</strong></span> <span class='ocrx_word' id='word_1_81' title='bbox 589 1465 649 1540; x_wconf 88' lang='lat' dir='ltr'><strong>fini</strong></span> <span class='ocrx_word' id='word_1_82' title='bbox 659 1468 769 1569; x_wconf 72' lang='lat' dir='ltr'><strong>Qn-</strong></span> 
     </span>
     <span class='ocr_line' id='line_1_15' title="bbox 63 1563 891 1737; baseline 0.014 -106"><span class='ocrx_word' id='word_1_83' title='bbox 63 1567 222 1661; x_wconf 65' lang='lat' dir='ltr'><strong>quacior,</strong></span> <span class='ocrx_word' id='word_1_84' title='bbox 248 1567 306 1734; x_wconf 55' lang='lat' dir='ltr'><strong>?ui</strong></span> <span class='ocrx_word' id='word_1_85' title='bbox 318 1591 337 1653; x_wconf 79' lang='lat' dir='ltr'><strong>a</strong></span> <span class='ocrx_word' id='word_1_86' title='bbox 350 1563 590 1737; x_wconf 47' lang='lat' dir='ltr'><strong>diffensatione</strong></span> <span class='ocrx_word' id='word_1_87' title='bbox 605 1568 768 1665; x_wconf 85' lang='lat' dir='ltr'><strong>pecuniae</strong></span> <span class='ocrx_word' id='word_1_88' title='bbox 888 1598 891 1607; x_wconf 90' lang='lat'>·</span> 
     </span>
     <span class='ocr_line' id='line_1_16' title="bbox 64 1662 766 1764; baseline 0.007 -30"><span class='ocrx_word' id='word_1_89' title='bbox 64 1662 229 1755; x_wconf 77' lang='lat' dir='ltr'><strong>Mensarir&#39;</strong></span> <span class='ocrx_word' id='word_1_90' title='bbox 263 1684 323 1737; x_wconf 89' lang='lat' dir='ltr'><strong>unt</strong></span> <span class='ocrx_word' id='word_1_91' title='bbox 348 1662 381 1735; x_wconf 92' lang='lat' dir='ltr'><strong>di</strong></span> <span class='ocrx_word' id='word_1_92' title='bbox 420 1663 457 1750; x_wconf 92' lang='lat' dir='ltr'><strong>i,</strong></span> <span class='ocrx_word' id='word_1_93' title='bbox 493 1685 674 1738; x_wconf 78' lang='lat' dir='ltr'><strong>crearunt:</strong></span> <span class='ocrx_word' id='word_1_94' title='bbox 706 1665 766 1764; x_wconf 86' lang='lat' dir='ltr'><strong>qui</strong></span> 
     </span>
     <span class='ocr_line' id='line_1_17' title="bbox 63 1759 765 1858; baseline 0.007 -27"><span class='ocrx_word' id='word_1_95' title='bbox 63 1759 191 1831; x_wconf 86' lang='lat' dir='ltr'><strong>summa</strong></span> <span class='ocrx_word' id='word_1_96' title='bbox 208 1763 371 1858; x_wconf 90' lang='lat' dir='ltr'><strong>aequitate</strong></span> <span class='ocrx_word' id='word_1_97' title='bbox 390 1759 427 1834; x_wconf 76' lang='grc' dir='ltr'><strong>δι</strong></span> <span class='ocrx_word' id='word_1_98' title='bbox 450 1761 680 1837; x_wconf 67' lang='lat' dir='ltr'><strong>moderatione</strong></span> <span class='ocrx_word' id='word_1_99' title='bbox 695 1762 765 1836; x_wconf 87' lang='lat' dir='ltr'><strong>boc</strong></span> 
     </span>
     <span class='ocr_line' id='line_1_18' title="bbox 64 1854 764 1937; baseline 0.014 -10"><span class='ocrx_word' id='word_1_100' title='bbox 64 1854 180 1931; x_wconf 86' lang='lat' dir='ltr'><strong>officio</strong></span> <span class='ocrx_word' id='word_1_101' title='bbox 194 1855 300 1933; x_wconf 70' lang='lat' dir='ltr'><strong>fundi</strong></span> <span class='ocrx_word' id='word_1_102' title='bbox 311 1858 405 1933; x_wconf 84' lang='lat' dir='ltr'><strong>sunt:</strong></span> <span class='ocrx_word' id='word_1_103' title='bbox 432 1859 477 1931; x_wconf 86' lang='lat' dir='ltr'><strong>ita</strong></span> <span class='ocrx_word' id='word_1_104' title='bbox 497 1860 595 1933; x_wconf 82' lang='lat' dir='ltr'><strong>utvel</strong></span> <span class='ocrx_word' id='word_1_105' title='bbox 603 1861 764 1937; x_wconf 88' lang='lat' dir='ltr'><strong>aerarium</strong></span> 
     </span>
     <span class='ocr_line' id='line_1_19' title="bbox 64 1953 765 2055; baseline 0.007 -30"><span class='ocrx_word' id='word_1_106' title='bbox 64 1953 177 2028; x_wconf 88' lang='lat' dir='ltr'><strong>debita</strong></span> <span class='ocrx_word' id='word_1_107' title='bbox 204 1957 415 2055; x_wconf 85' lang='lat' dir='ltr'><strong>privatorum</strong></span> <span class='ocrx_word' id='word_1_108' title='bbox 440 1955 652 2044; x_wconf 69' lang='lat' dir='ltr'><strong>dissolveret,</strong></span> <span class='ocrx_word' id='word_1_109' title='bbox 681 1980 765 2039; x_wconf 85' lang='lat' dir='ltr'><strong>eum</strong></span> 
     </span>
     <span class='ocr_line' id='line_1_20' title="bbox 65 2050 767 2150; baseline 0.003 -27"><span class='ocrx_word' id='word_1_110' title='bbox 65 2074 188 2150; x_wconf 84' lang='lat' dir='ltr'><strong>nempe</strong></span> <span class='ocrx_word' id='word_1_111' title='bbox 218 2054 312 2149; x_wconf 82' lang='lat' dir='ltr'><strong>ptius</strong></span> <span class='ocrx_word' id='word_1_112' title='bbox 334 2053 503 2126; x_wconf 82' lang='lat' dir='ltr'><strong>debitores</strong></span> <span class='ocrx_word' id='word_1_113' title='bbox 518 2053 647 2150; x_wconf 88' lang='lat' dir='ltr'><strong>populo</strong></span> <span class='ocrx_word' id='word_1_114' title='bbox 662 2050 767 2127; x_wconf 88' lang='lat' dir='ltr'><strong>cavis·</strong></span> 
     </span>
     <span class='ocr_line' id='line_1_21' title="bbox 65 2146 769 2246; baseline -0.001 -24"><span class='ocrx_word' id='word_1_115' title='bbox 65 2149 156 2234; x_wconf 82' lang='lat' dir='ltr'><strong>sent3</strong></span> <span class='ocrx_word' id='word_1_116' title='bbox 191 2149 246 2221; x_wconf 86' lang='lat' dir='ltr'><strong>vel</strong></span> <span class='ocrx_word' id='word_1_117' title='bbox 261 2172 312 2222; x_wconf 90' lang='lat' dir='ltr'><strong>res</strong></span> <span class='ocrx_word' id='word_1_118' title='bbox 328 2149 438 2245; x_wconf 87' lang='lat' dir='ltr'><strong>aequis</strong></span> <span class='ocrx_word' id='word_1_119' title='bbox 452 2149 567 2246; x_wconf 89' lang='lat' dir='ltr'><strong>pretiis</strong></span> <span class='ocrx_word' id='word_1_120' title='bbox 578 2146 769 2233; x_wconf 76' lang='lat' dir='ltr'><strong>aestimatae</strong></span> 
     </span>
    </p>
   </div>
   <div class='ocr_carea' id='block_1_5' title="bbox 64 2244 860 2321">
    <p class='ocr_par' dir='ltr' id='par_1_5' title="bbox 64 2244 860 2321">
     <span class='ocr_line' id='line_1_22' title="bbox 64 2244 860 2321; baseline 0.001 -2"><span class='ocrx_word' id='word_1_121' title='bbox 64 2244 287 2319; x_wconf 90' lang='lat' dir='ltr'><strong>creditoribus</strong></span> <span class='ocrx_word' id='word_1_122' title='bbox 295 2246 517 2321; x_wconf 88' lang='lat' dir='ltr'><strong>traderentur:</strong></span> <span class='ocrx_word' id='word_1_123' title='bbox 537 2265 576 2318; x_wconf 93' lang='lat' dir='ltr'><strong>ut</strong></span> <span class='ocrx_word' id='word_1_124' title='bbox 584 2268 653 2317; x_wconf 92' lang='lat' dir='ltr'><strong>non</strong></span> <span class='ocrx_word' id='word_1_125' title='bbox 661 2245 769 2320; x_wconf 88' lang='lat' dir='ltr'><strong>modo</strong></span> <span class='ocrx_word' id='word_1_126' title='bbox 858 2287 860 2291; x_wconf 29' lang='grc' dir='ltr'><em>ν</em></span> 
     </span>
    </p>
   </div>
   <div class='ocr_carea' id='block_1_6' title="bbox 66 2342 772 3228">
    <p class='ocr_par' dir='ltr' id='par_1_6' title="bbox 66 2342 772 3030">
     <span class='ocr_line' id='line_1_23' title="bbox 66 2342 769 2443; baseline 0.006 -26"><span class='ocrx_word' id='word_1_127' title='bbox 66 2343 136 2417; x_wconf 90' lang='lat' dir='ltr'><strong>sme</strong></span> <span class='ocrx_word' id='word_1_128' title='bbox 146 2344 285 2441; x_wconf 86' lang='lat' dir='ltr'><strong>injuria,</strong></span> <span class='ocrx_word' id='word_1_129' title='bbox 304 2342 769 2443; x_wconf 86' lang='lat' dir='ltr'><strong>sedetiamfinequerimoniis</strong></span> 
     </span>
     <span class='ocr_line' id='line_1_24' title="bbox 66 2440 768 2545; baseline 0.01 -33"><span class='ocrx_word' id='word_1_130' title='bbox 66 2441 170 2541; x_wconf 86' lang='lat' dir='ltr'><strong>partis</strong></span> <span class='ocrx_word' id='word_1_131' title='bbox 187 2441 376 2538; x_wconf 86' lang='lat' dir='ltr'><strong>utriusque,</strong></span> <span class='ocrx_word' id='word_1_132' title='bbox 400 2440 561 2517; x_wconf 84' lang='lat' dir='ltr'><strong>exhausta</strong></span> <span class='ocrx_word' id='word_1_133' title='bbox 581 2444 631 2515; x_wconf 91' lang='lat' dir='ltr'><strong>vis</strong></span> <span class='ocrx_word' id='word_1_134' title='bbox 648 2443 768 2545; x_wconf 88' lang='lat' dir='ltr'><strong>ingens</strong></span> 
     </span>
     <span class='ocr_line' id='line_1_25' title="bbox 66 2537 769 2619; baseline 0.006 -5"><span class='ocrx_word' id='word_1_135' title='bbox 66 2540 150 2614; x_wconf 86' lang='lat' dir='ltr'><strong>aeris</strong></span> <span class='ocrx_word' id='word_1_136' title='bbox 175 2537 272 2613; x_wconf 88' lang='lat' dir='ltr'><strong>alieni</strong></span> <span class='ocrx_word' id='word_1_137' title='bbox 296 2539 348 2616; x_wconf 82' lang='lat' dir='ltr'><strong>fit.</strong></span> <span class='ocrx_word' id='word_1_138' title='bbox 394 2539 546 2616; x_wconf 84' lang='lat' dir='ltr'><strong>Etcum</strong></span> <span class='ocrx_word' id='word_1_139' title='bbox 569 2541 615 2616; x_wconf 88' lang='lat' dir='ltr'><strong>ita</strong></span> <span class='ocrx_word' id='word_1_140' title='bbox 642 2542 769 2619; x_wconf 87' lang='lat' dir='ltr'><strong>multae</strong></span> 
     </span>
     <span class='ocr_line' id='line_1_26' title="bbox 66 2634 767 2732; baseline 0.007 -21"><span class='ocrx_word' id='word_1_141' title='bbox 66 2660 121 2711; x_wconf 87' lang='lat' dir='ltr'><strong>res</strong></span> <span class='ocrx_word' id='word_1_142' title='bbox 140 2634 297 2713; x_wconf 82' lang='lat' dir='ltr'><strong>dominos</strong></span> <span class='ocrx_word' id='word_1_143' title='bbox 321 2638 531 2732; x_wconf 82' lang='lat' dir='ltr'><strong>mutassent,</strong></span> <span class='ocrx_word' id='word_1_144' title='bbox 562 2640 731 2715; x_wconf 76' lang='lat' dir='ltr'><strong>consume</strong></span> <span class='ocrx_word' id='word_1_145' title='bbox 757 2643 767 2658; x_wconf 87' lang='lat'>&#39;</span> 
     </span>
     <span class='ocr_line' id='line_1_27' title="bbox 66 2734 771 2835; baseline 0.004 -29"><span class='ocrx_word' id='word_1_146' title='bbox 66 2735 214 2832; x_wconf 83' lang='lat' dir='ltr'><strong>placuit,</strong></span> <span class='ocrx_word' id='word_1_147' title='bbox 248 2734 483 2833; x_wconf 88' lang='lat' dir='ltr'><strong>censuramque</strong></span> <span class='ocrx_word' id='word_1_148' title='bbox 498 2738 625 2835; x_wconf 84' lang='lat' dir='ltr'><strong>primus</strong></span> <span class='ocrx_word' id='word_1_149' title='bbox 639 2739 682 2810; x_wconf 91' lang='lat' dir='ltr'><strong>de</strong></span> <span class='ocrx_word' id='word_1_150' title='bbox 696 2764 721 2834; x_wconf 87' lang='lat' dir='ltr'>p</span> <span class='ocrx_word' id='word_1_151' title='bbox 733 2760 771 2809; x_wconf 87' lang='lat' dir='ltr'><strong>e·</strong></span> 
     </span>
     <span class='ocr_line' id='line_1_28' title="bbox 66 2831 771 2925; baseline -0.001 -19"><span class='ocrx_word' id='word_1_152' title='bbox 66 2833 113 2906; x_wconf 90' lang='lat' dir='ltr'><strong>be</strong></span> <span class='ocrx_word' id='word_1_153' title='bbox 148 2831 298 2906; x_wconf 91' lang='lat' dir='ltr'><strong>obtinuit</strong></span> <span class='ocrx_word' id='word_1_154' title='bbox 343 2831 389 2904; x_wconf 88' lang='lat' dir='ltr'><strong>C.</strong></span> <span class='ocrx_word' id='word_1_155' title='bbox 426 2834 580 2908; x_wconf 80' lang='lat' dir='ltr'><strong>Marcius</strong></span> <span class='ocrx_word' id='word_1_156' title='bbox 610 2834 771 2925; x_wconf 87' lang='lat' dir='ltr'><strong>Rutilus,</strong></span> 
     </span>
     <span class='ocr_line' id='line_1_29' title="bbox 67 2925 772 3030; baseline -0.003 -26"><span class='ocrx_word' id='word_1_157' title='bbox 67 2954 170 3030; x_wconf 89' lang='lat' dir='ltr'><strong>quem</strong></span> <span class='ocrx_word' id='word_1_158' title='bbox 196 2930 302 3013; x_wconf 89' lang='lat' dir='ltr'><strong>modo</strong></span> <span class='ocrx_word' id='word_1_159' title='bbox 325 2929 427 3003; x_wconf 84' lang='lat' dir='ltr'><strong>etiam</strong></span> <span class='ocrx_word' id='word_1_160' title='bbox 448 2932 598 3026; x_wconf 89' lang='lat' dir='ltr'><strong>primum</strong></span> <span class='ocrx_word' id='word_1_161' title='bbox 612 2925 772 3005; x_wconf 70' lang='lat' dir='ltr'><strong>Distato·</strong></span> 
     </span>
    </p>

    <p class='ocr_par' dir='ltr' id='par_1_7' title="bbox 387 3027 772 3109">
     <span class='ocr_line' id='line_1_30' title="bbox 387 3027 772 3109; baseline 0.008 -3"><span class='ocrx_word' id='word_1_162' title='bbox 387 3027 479 3107; x_wconf 75' lang='lat' dir='ltr'><strong>Ma</strong></span> <span class='ocrx_word' id='word_1_163' title='bbox 699 3045 772 3109; x_wconf 83' lang='lat' dir='ltr'><strong>rem</strong></span> 
     </span>
    </p>

    <p class='ocr_par' dir='ltr' id='par_1_8' title="bbox 108 3135 540 3228">
     <span class='ocr_line' id='line_1_31' title="bbox 108 3135 540 3228; baseline 0.009 -20"><span class='ocrx_word' id='word_1_164' title='bbox 108 3145 212 3210; x_wconf 75' lang='lat' dir='ltr'><strong>elbid·</strong></span> <span class='ocrx_word' id='word_1_165' title='bbox 227 3165 306 3215; x_wconf 70' lang='grc' dir='ltr'>ιιι.</span> <span class='ocrx_word' id='word_1_166' title='bbox 349 3217 353 3228; x_wconf 55' lang='grc'><em>,</em></span> <span class='ocrx_word' id='word_1_167' title='bbox 538 3135 540 3139; x_wconf 48' lang='grc'>’</span> 
     </span>
    </p>
   </div>
   <div class='ocr_carea' id='block_1_7' title="bbox 0 0 1011 3554">
    <p class='ocr_par' dir='ltr' id='par_1_9' title="bbox 0 0 1011 3554">
     <span class='ocr_line' id='line_1_32' title="bbox 0 0 1011 3554; baseline 0 0"><span class='ocrx_word' id='word_1_168' title='bbox 0 0 1011 3554; x_wconf 95' lang='lat' dir='ltr'><strong> </strong></span> 
     </span>
    </p>
   </div>
  </div>
 </body>
</html>
