2002 3554
141 159 232 213 ⁴eoo
357 137 659 212 Hrsronra

158 297 304 394 bernque
319 321 339 370 a
353 297 557 373 Samnitibus
567 296 862 396 firiffecapttmse·
922 322 925 329 ·

34 445 46 465 s
159 398 224 468 ries
247 399 443 469 narrationis
460 396 621 469 Livianae
636 393 781 469 ostendit
808 400 865 482 ².)

6 3256 111 3312 1-1

162 491 272 591 Igitur
291 492 454 568 Consules
468 493 510 565 ad
526 517 627 591 opem
643 492 798 566 fidelibus
811 494 864 565 so·

160 590 397 664 ciisferendam
407 589 672 690 proficiscuntur.
696 591 864 665 Ferebent

162 710 272 762 autern
287 688 328 760 ad
344 689 523 764 Luceriam
532 687 615 760 duae
626 690 697 758 viae
715 689 733 746 b
754 713 864 787 ;qua·

161 810 238 859 rum
255 787 354 860 altera
367 789 498 877 tutior,
521 785 574 856 sed
592 787 744 880 longior:
777 789 866 859 alte·

163 908 199 957 ra
213 884 371 970 brevior,
397 883 450 957 sed
467 883 606 982 periculi
625 883 757 978 plenior
774 905 864 956 erat:

164 980 310 1062 ducebat
324 983 414 1055 enim
430 1005 490 1079 per
503 982 636 1068 locum,
661 983 719 1075 qui
733 980 867 1054 saltibus

163 1077 201 1151 &
225 1080 393 1153 montibus
418 1080 589 1178 perpetuis
614 1077 742 1152 cinetus
757 1103 868 1176 angu-

163 1176 251 1253 stum
268 1179 465 1266 introitum,
488 1177 718 1252 nec-latiorem
732 1178 868 1251 exitum

166 1275 321 1352 habebat.
374 1276 439 1352 Sed
464 1300 534 1350 non
566 1273 752 1347 dubitantes
783 1277 869 1370 quin

165 1371 271 1447 hostia
295 1376 413 1473 procul
444 1374 562 1447 abellet
578 1374 613 1444 in
635 1396 688 1443 eas
704 1371 870 1469 angustias

170 1478 302 1567 (Furcas
327 1473 478 1542 Caudinas
500 1497 519 1544 a
538 1468 646 1542 forma
664 1468 700 1539 &
718 1468 783 1540 fitu
799 1469 867 1542 loci

166 1570 355 1655 vocabant)
395 1568 532 1642 demisso
564 1569 696 1663 agmine
723 1568 869 1639 Romani

166 1663 276 1739 statim
293 1666 439 1760 undique
451 1663 550 1737 claust
560 1663 765 1736 tenebantur.
775 1665 869 1736 Tarn

166 1762 258 1835 laetis
300 1760 398 1834 rebus
439 1785 481 1834 ne
508 1760 709 1833 Samnitibus
733 1760 870 1856 quidem

166 1855 342 1931 consilium
368 1856 584 1954 suppetebat:
619 1858 662 1928 ita
678 1878 715 1930 ut
735 1862 872 1931 Heren-

167 1956 261 2031 nium
288 1960 428 2030 Pontium
445 1958 661 2051 Imperatoris
678 1956 723 2025 sui
740 1977 869 2053 patrem

169 2076 228 2154 pur
261 2054 368 2129 literas
404 2053 642 2128 consulendum
669 2053 731 2126 elle
759 2052 872 2126 cense-

167 2171 244 2229 rent
280 2171 306 2226 ι’.
349 2153 380 2225 Is
397 2154 487 2225 annis
503 2154 630 2248 gravis,
656 2148 795 2221 eonfilio
813 2176 873 2223 va·

168 2251 258 2340 lens,
284 2250 418 2339 illudet,
451 2275 484 2319 ut
506 2256 651 2319 Romanos
674 2274 774 2318 omnes
795 2251 871 2318 inde

167 2372 260 2461 guam
302 2355 439 2448 primum
480 2350 644 2415 inviolatos
687 2346 873 2415 dimitterer:

167 2463 290 2517 aterum
316 2440 481 2514 consultus
512 2439 670 2530 censuit,
704 2446 747 2514 ad
778 2470 872 2514 unum

167 2563 269 2609 omnes
284 2535 529 2630 inrerstu'eudos3
556 2559 593 2609 ut
618 2540 680 2623 ita,
717 2540 769 2612 vel
786 2545 872 2613 ami·

167 2636 198 2707 ci
225 2656 443 2731 pararentur,
477 2638 529 2707 vel
558 2636 686 2708 inimici
712 2637 873 2712 tolleren-

168 2752 233 2807 tur.
284 2731 331 2804 At
348 2733 494 2807 mediam
512 2733 598 2804 viam
615 2733 871 2830 ingrellusPou-

168 2834 234 2905 tius
257 2839 435 2924 (notemus
457 2832 589 2920 obiter,
620 2833 722 2902 madia
749 2833 871 2923 confilia

810 2955 872 3004 non

205 3062 220 3105 a
242 3046 295 3104 l’r'd.
314 3045 378 3106 llil.
397 3067 418 3110 e.
431 3062 474 3112 tr..
513 3043 531 3107 b
550 3045 614 3112 rua.
633 3060 653 3107 a.
669 3061 696 3106 2.

204 3133 220 3184 c
238 3120 302 3186 alla
319 3138 340 3188 r.
353 3135 379 3199 3.
