2002 3554
262 144 334 235 560
471 134 797 231 H1seou14

263 293 350 372 haud
371 319 453 370 cum
465 293 532 368 fide
547 293 667 370 fastam
677 333 693 388 3
722 304 969 404 magnostatim

261 396 370 469 rursus
391 395 517 493 praelio
541 394 577 466 &
609 395 721 471 dubio
744 424 884 479 eventu
899 431 967 480 cum

261 492 442 565 Celtiberis
457 490 660 591 puguatum:
691 494 748 570 sed
773 505 886 578 tertio
900 503 967 576 iude

263 590 319 663 die
332 591 420 663 haud
440 589 541 663 dubie
553 589 658 665 viuos
676 593 902 690 Celtiberum
926 606 967 675 in·

263 687 531 778 dedebellatum,
554 712 740 789 veramque
752 704 884 792 pacem
894 701 967 772 Cel·

265 786 388 861 tiberos
402 784 522 858 feciffe.
553 786 725 864 Videmus
740 812 864 870 tamen
881 824 924 872 ex
939 826 965 868 e-

257 893 371 985 pitome
401 888 538 955 Liviana
569 885 812 985 quadragestma
843 902 958 992 prima,

177 1004 181 1012 ·
261 984 364 1056 etiam
387 983 500 1078 postea
530 981 732 1058 Gracchum
775 992 962 1066 Celtiberos

263 1078 371 1153 νίἂοε
404 1081 439 1152 in'
469 1079 674 1154 deditionem
701 1092 875 1184 accepiffe
889 1125 902 1179 3
930 1091 962 1164 &

263 1179 466 1250 Gracchurim
484 1177 645 1276 oppidum
662 1180 699 1253 in
709 1183 881 1283 Hispania
889 1214 963 1262 con⁴

260 1277 419 1367 stituiffe,
453 1300 592 1373 operum
613 1275 751 1354 suorum
774 1290 961 1360 monimen-

133 1403 137 1411 ·
261 1394 348 1448 tum.
374 1374 470 1446 Tum
484 1375 583 1446 etiam
603 1374 794 1464 Postumium
811 1385 961 1457 Albinum

259 1471 489 1546 Proconsulem
514 1471 685 1546 Vaccaeos
719 1477 759 1550 ὅ(
785 1482 961 1558 Lufitanos

105 1569 444 1668 aususublegiffe:
463 1574 959 1678 utrumqueetiamtriumphas·

256 1667 288 1741 se
303 1688 411 1742 narrat
427 1666 544 1740 Livius
561 1676 602 1740 L.
613 1674 706 1744 XLI.
727 1698 751 1746 e.
764 1703 799 1766 7.
842 1678 957 1766 Etaie-

254 1763 397 1862 quandiu
413 1767 544 1859 quietae
561 1766 950 1867 videnturfuiffeflispa·

253 1865 344 1950 niae,
369 1860 476 1933 donec
501 1861 559 1935 sub
574 1864 760 1942 adventum
774 1876 840 1969 Ap.
858 1875 948 1939 Clue-

101 1963 301 2047 A.U.578·dii
317 1960 473 2032 Centhonis
491 1962 652 2034 Praetoris
660 1990 754 2038 anno
764 1968 864 2043 Urbis
874 1972 950 2065 5⁸78.

255 2061 480 2134 rebellarunt:
514 2057 567 2131 sed
588 2085 657 2133 uno
681 2068 811 2160 praelio
828 2095 906 2144 cum
920 2072 953 2141 iis

255 2159 456 2232 debellatum
483 2157 547 2230 fuit
565 2187 576 2245 ς
610 2161 807 2261 iterumque
829 2194 848 2240 a
870 2169 950 2242 bello

255 2257 410 2330 ceffatum
438 2274 465 2327 ἃ.
828 2323 833 2329 .

100 2385 178 2447 §.m
194 2386 246 2436 uo·
304 2367 330 2440 §.
340 2356 389 2431 X.
412 2350 518 2447 Quod
546 2356 667 2429 hor'um
689 2377 891 2459 temporum
907 2387 948 2436 res

97 2457 196 2531 mastica
256 2451 452 2526 domesticas
465 2455 609 2546 attinet,
634 2453 702 2529 duo
723 2466 965 2536 maximeme·'

93 2533 228 2612 quedam·
256 2550 414 2623 moranda
436 2554 592 2625 veniunt:
632 2577 779 2647 quorum
806 2565 948 2655 primum

110 2676 224 2749 cufi„
252 2645 300 2718 cst
323 2646 468 2721 Censura
488 2674 576 2721 anno
599 2649 705 2725 Urbis
720 2657 949 2753 quingentefi·

92 2755 309 2816 Catonisumo
341 2745 546 2843 {exagefimo
578 2773 670 2827 nono
695 2775 712 2820 a
738 2751 783 2824 L.
816 2756 950 2828 Valerio

89 2828 179 2884 ''²0⁸'‘
247 2842 399 2932 Flacco,
432 2843 468 2914 &
495 2846 547 2915 M.
572 2846 694 2918 Porcio
709 2845 871 2941 Catone,
896 2856 950 2948 qui

92 2902 181 2960 Μ’·
247 2944 349 3016 ctiam
378 2945 413 3013 in
431 2942 608 3032 ‚consulatu
630 2945 783 3043 collegae
799 2946 951 3040 fuerant,

413 3108 416 3114 .
836 3047 949 3146 gesta:

56 3124 243 3303 Ὗ·
296 3153 398 3218 atu.
413 3161 522 3233 Luxu.
537 3158 612 3212 me.
