2002 3554
228 127 298 200 208
430 121 737 223 Hrsnoaia
827 118 829 123 ’

229 289 270 363 ad
285 286 549 367 internecionem
564 285 673 362 caesas.
708 288 765 362 De
780 284 931 387 Luceria

229 383 366 459 delenda
381 387 516 458 Romae
533 384 644 459 ahiam
659 385 723 460 fuit
741 404 756 447 ²
777 411 787 458 ε
813 386 868 459 sed
877 382 928 462 vi·

222 486 279 577 ‚cit
293 481 476 572 sententia,
487 527 489 532 >
501 503 540 557 ut
553 484 668 556 coloni
688 508 730 556 eo
748 486 928 584 mitterenq

227 604 282 658 tur
290 609 305 657 ε,
326 582 362 654 ὃ(
381 581 464 659 adeo
505 583 587 655 ravis
601 581 657 653 hic
672 605 776 658 annus
792 585 926 658 Roma

127 682 130 690 ’
226 683 278 769 nis
298 679 393 772 fuit,
413 699 452 751 ut
475 605 610 776 {apinae
625 702 758 775 quoque
772 681 928 761 occultari¹

230 780 476 875 conjurationes
506 775 645 848 fierent:
679 779 762 873 quin
796 783 931 853 Romae

231 900 367 974 quoque
386 871 513 948 nobiles
526 873 678 951 homines
694 874 839 972 ejusdem
856 877 928 948 cri-

229 977 329 1047 minis
351 975 398 1045 rei
419 969 673 1070 postulabantur.
724 974 776 1044 Hi
792 996 873 1044 vero
888 974 941 1048 in'·

232 1079 402 1147 Maenium
429 1070 533 1167 magis
558 1071 644 1162 (qui
670 1069 815 1140 Diffntor
833 1095 929 1164 quae.

220 1169 362 1264 stionibus
372 1169 547 1241 exercendis
555 1165 658 1240 fastus
667 1165 792 1253 fueram
811 1165 869 1238 &i
894 1168 927 1260 se

227 1268 374 1366 plebej'us
400 1264 602 1365 Magistrum
628 1263 797 1360 Equitum.
815 1193 930 1376 plege-

223 1371 299 1465 jum
318 1365 376 1438 fibi
392 1365 541 1450 dixeram
559 1371 625 1445 M.
642 1365 800 1449 Foslium)
815 1361 848 1433 rd
861 1367 930 1436 cri·

104 1466 105 1470 ’
231 1474 308 1537 men
331 1459 533 1554 rejiciebant.
585 1457 741 1532 Difiiator
766 1458 798 1531 se
815 1458 928 1538 statim

231 1562 422 1657 magistratu
445 1555 611 1630 abdicavit
618 1588 629 1642 ;
656 1555 692 1627 &
707 1581 787 1630 cum
808 1556 927 1656 Magi·

230 1658 296 1731 stro
316 1657 477 1751 Equitum
493 1653 657 1727 absolutus
680 1653 746 1724 est:
782 1653 926 1730 &brevi

229 1753 390 1824 nobilium
408 1751 508 1823 etiam
524 1749 719 1842 sanioribus
735 1771 806 1823 tota
823 1776 927 1849 quaeq

228 1849 291 1920 stin
313 1849 359 1920 est
377 1847 535 1944 oppreffa.
560 1851 722 1930 Samnites
741 1864 852 1921 tam'en
869 1851 928 1923 ha·

130 2003 131 2007 ,
227 1972 301 2019 rum
323 1946 493 2019 turbarum
514 1946 569 2046 spe
585 1948 624 2019 ad
642 1945 808 2018 Caudium
825 1946 926 2046 usque

191 2086 193 2091 >
227 2048 373 2120 revocati
390 2044 482 2131 sunt,
508 2046 627 2117 intenti
645 2043 925 2137 inoccafionem5

228 2143 252 2218 fi
274 2169 338 2241 qua
354 2144 518 2236 daretur„
540 2143 691 2238 Capuam
708 2141 875 2215 Romanis
890 2169 929 2216 e-

226 2244 368 2342 ripiendi
376 2273 387 2326 3
425 2239 478 2310 sed
500 2239 733 2312 aConiulibus
756 2259 844 2310 tanta
860 2241 927 2323 claf

198 2335 199 2340 ’
227 2342 269 2411 de
291 2337 402 2409 affeeii
428 2339 520 2423 sunt,
545 2358 583 2411 ut
608 2336 648 2408 ad
664 2336 802 2430 triginta
820 2338 925 2431 millia

228 2460 343 2507 eorum
374 2433 488 2522 caesa,
521 2454 577 2507 aut
609 2449 704 2527 capta
731 2452 942 2508 memorem-r

227 2553 292 2606 tur.
566 2549 570 2554 ’
674 2568 684 2587 ·
937 2588 940 2593 -

67 2649 128 2717 §.7.
141 2648 218 2724 Appii
277 2630 401 2714 §.VIL
429 2630 529 2700 Anno
571 2624 726 2721 sequente
769 2629 928 2703 Hetrusci

63 2724 167 2781 clauda·
226 2730 359 2827 quidem
375 2727 452 2797 belli
469 2723 555 2794 fama
572 2723 654 2798 fuit:
682 2749 715 2799 at
732 2727 824 2799 domi
834 2730 924 2800 cele·

62 2800 166 2929 ἵζω
180 2820 211 2857 ‘⁶'
225 2829 317 2901 brior
338 2825 401 2896 fuit
424 2817 573 2895 Censura
608 2831 708 2923 Appii
731 2825 859 2896 Claudii
875 2824 923 2909 b,

62 2896 214 3026 sarm,
225 2931 282 3026 qui
298 2926 384 2999 viam
406 2920 496 2994 illam
517 2919 765 2996 celeberrimam
781 2921 924 3089 {ppirfm

830 3039 872 3088 en
886 3041 926 3088 or

257 3156 273 3197 a
293 3137 356 3200 aaa.
374 3157 396 3198 e.
412 3137 458 3198 26.
497 3135 516 3198 b
534 3137 595 3199 Liri.
613 3135 680 3201 aar.
696 3153 717 3196 c.
727 3148 775 3209 29.

58 3216 185 3343 'N
261 3299 263 3305 ,
