2002 3554
152 161 155 170 .
223 100 420 177 Rauruu.
452 98 654 177 Rotaria,
751 122 796 204 ,9,

32 310 34 313 -
83 258 236 359 sequenti
256 260 479 359 Reipublicae
503 261 585 338 statu
607 263 677 336 hoc
700 285 787 336 con-

85 361 191 432 veniu
251 357 317 440 Sed
339 360 414 457 hoc¹
430 361 533 461 egiue
557 362 715 452 videtur,
748 382 788 437 ut

84 480 211 528 omnes
241 458 413 532 communi
442 461 556 533 animo
583 457 787 558 Rempubli-
857 521 859 526 .

83 576 164 626 carn
178 556 462 656 gererepoffent:
498 556 785 654 quemadmodum

10 685 11 692 κ
86 672 201 724 revera
225 651 383 730 Comitiis
412 658 573 742 curiatis,
603 678 692 753 quae
716 652 784 727 hoc

88 767 238 847 tempore
251 751 317 826 sola
332 751 549 839 obtinebant,
573 752 614 825 ab
629 749 786 824 omnibus

84 849 224 923 omnino
237 850 366 923 civibus
381 848 507 924 fadum
523 848 581 923 est.
614 849 696 922 Nec
710 847 784 949 asy-

76 943 153 1017 lum
173 947 334 1044 aperuisse
348 968 526 1022 contentus
543 946 729 1032 Romulus,
742 950 783 1019 ‘ut

81 1042 188 1112 etiam
204 1065 308 1136 porro
323 1043 494 1126 civitatem
513 1046 602 1114 suam
624 1042 783 1141 frequen·

83 1153 168 1228 tem*
193 1135 373 1229 redderet,
412 1141 559 1234 primum
597 1136 710 1232 juffit,
744 1159 784 1213 ut

82 1235 198 1308 omnis
209 1235 314 1310 virilis
329 1233 436 1332 proles
450 1287 462 1324 ,
488 1232 794 1333 &primogenitae
822 1258 824 1267 ·

80 1329 229 1406 filiarum
248 1333 494 1407 educarentur:
525 1358 604 1405 narn
627 1354 690 1430 pro
707 1333 785 1427 jure

79 1453 197 1503 eorum
218 1451 414 1532 temporum
437 1453 531 1529 pater
559 1453 628 1503 non
646 1425 783 1502 teneba-

80 1547 137 1602 tur
155 1529 282 1602 invitus
298 1528 423 1603 liberos
435 1528 506 1620 suos
523 1528 665 1602 educare
683 1553 692 1599 ε
725 1523 781 1599 sed

80 1625 136 1696 vel
153 1627 306 1700 occidere
329 1623 411 1714 coe,
444 1630 497 1700 vel
518 1627 660 1728 abjicere
680 1644 781 1722 pqte-
885 1656 894 1663 ·

78 1743 132 1798 rat
148 1739 198 1797 ².·
230 1724 366 1799 Deinde
385 1727 420 1797 in
446 1725 537 1798 hunc
559 1725 705 1798 eundem
734 1721 777 1796 fi-

80 1844 160 1895 nem
174 1820 383 1895 saluberrimo
400 1821 538 1896 consilio
555 1824 695 1898 instituit
702 1820 780 1894 Ro·

81 1920 212 2008 mulus,
238 1943 280 1992 ne
294 1919 776 2001 civitatesvidaedeierentur:

79 2016 166 2109 sed,
201 2036 240 2091 ut
253 2041 296 2091 ex
319 2015 449 2091 civibus
466 2019 628 2091 Romanis
642 2015 778 2114 quidam

81 2114 324 2204 mitterentur,
355 2117 412 2211 qui
430 2139 508 2186 cum
523 2114 669 2212 pristinis
691 2112 780 2184 civi·

79 2212 145 2287 bus
162 2236 214 2287 eas
231 2212 326 2286 urbes
349 2214 508 2303 colerent,
537 2210 626 2282 unde
650 2211 780 2280 coloniae

77 2309 155 2393 sunt
169 2307 303 2384 dietae:
328 2307 525 2407 quibusdam
540 2308 641 2381 etiam
652 2309 707 2406 jus
728 2309 779 2379 ci·

77 2408 192 2482 vitatis
205 2391 393 2481 Romanae'
414 2407 548 2484 daretur
570 2404 605 2479 b.
665 2407 780 2502 Atque

81 2503 270 2606 ita'fastunr
285 2503 352 2595 est,
376 2525 414 2584 ut
431 2532 492 2604 pro
506 2527 558 2581 ter
573 2504 665 2578 mille
685 2503 780 2601 pedi·

82 2599 198 2693 tibus,
234 2603 271 2676 ἃ
293 2607 447 2678 troeentis
474 2602 664 2705 equitibus,
701 2602 780 2698 qui-

81 2697 146 2771 bus
166 2700 263 2775 initio
295 2725 345 2774 res
373 2705 525 2776 Romana
554 2699 779 2786 constiterat,

76 2796 226 2872 muricus
253 2799 419 2872 Romulus
450 2794 642 2897 quadragies
678 2792 781 2865 sexies'

362 2875 385 2912 ⁷
417 2897 499 2995 A5
571 2973 574 3004 r
706 2886 784 2962 mil*

73 3064 90 3108 a
111 3046 168 3105 vid.
186 3054 277 3125 comp.
292 3042 368 3118 nostr.
386 3051 458 3105 Ant.
475 3045 539 3105 Sati.
550 3061 590 3104 vr.
608 3053 697 3121 ιαμ.
716 3047 778 3122 §.4

113 3122 230 3186 boian.
249 3123 311 3186 Hei.
327 3138 365 3184 rr.
382 3141 403 3184 c.
417 3123 461 3186 16.
493 3172 496 3177 .
