2002 3554
128 155 287 229 Ruraua.
309 100 474 231 nonan.
498 151 579 230 Lm.
591 151 639 228 11.
686 110 761 250 489

56 319 123 390 lam
141 316 292 413 redigere
310 332 448 388 conatus
460 311 567 386 fuerat
585 331 627 403 ²3
650 313 763 414 &zy-

52 415 235 508 ssmachr'cm
252 413 427 506 Chersonest
439 409 589 483 Thraciae
606 411 721 487 urbem
740 440 760 488 a

61 510 254 583 Thracibus
271 511 386 608 paucis
401 530 478 583 ante
494 508 759 585 annisincensam

60 606 233 680 restituere
249 629 406 706 coeperat
429 606 458 677 b,
512 608 565 681 lbi
589 632 759 682 cumcon-

59 727 222 778 venerunt
242 706 343 805 iegati
361 707 597 780 Romanorum
617 704 761 781 referen·
819 727 822 731 ·

61 823 133 888 tes,
158 830 288 900 aequum
302 807 418 899 censere
434 811 642 876 Romanorum
661 811 761 876 Sena·
876 868 879 883 .
935 795 941 806 ’

62 925 151 986 rum,
173 924 207 971 ut
227 910 456 997 quaternitates
474 904 668 976 Ptolemaeo
671 905 760 996 forte

59 999 237 1086 ademerat,
263 1002 316 1102 ipſs
334 1001 580 1094 restituerentur:
603 1026 660 1072 nec
673 1003 773 1094 ferri·

52 1098 148 1194 poffa,
174 1123 243 1166 eum
269 1103 410 1168 civitates
432 1100 583 1194 quasdam
595 1101 760 1197 poffidere,

58 1220 148 1290 quar,
175 1196 315 1295 Philippo
338 1204 372 1272 in
394 1199 568 1267 Romanam
595 1197 759 1268 bellumu-

57 1295 174 1383 verso,
200 1294 392 1390 interceprffec
416 1310 443 1365 c.
493 1293 677 1388 Respondit
687 1297 760 1368 An'·

60 1389 216 1477 trochus,
241 1389 362 1461 Mirari
377 1386 428 1474 se,
454 1415 521 1486 quo
536 1394 613 1488 jure
628 1394 760 1467 Roma·

59 1488 96 1556 ni
119 1484 150 1555 se
173 1487 269 1558 rebus
294 1484 394 1558 Afrae
408 1487 653 1593 immiscerent3
676 1513 761 1589 quae

60 1605 129 1654 non
152 1586 257 1680 magis
281 1583 321 1656 ad
347 1606 403 1656 eos
427 1589 634 1683 pertineant,
657 1611 759 1686 quam

57 1680 97 1750 ad
116 1678 242 1776 sequid
260 1704 370 1754 rerum
390 1682 425 1753 in
442 1683 538 1758 ltalia
553 1706 689 1784 geratur
707 1685 727 1746 d
746 1719 760 1774 ς

57 1776 227 1850 Thraciae
247 1779 344 1853 urbes
365 1783 497 1876 optimo
525 1786 598 1878 jure
612 1783 760 1858 suascffe
825 1834 827 1842 ι

39 1873 178 1947 ,debere
192 1890 221 1963 ‚⁸
237 1899 315 1949 cum
346 1880 534 1952 universum
563 1880 760 1982 Lyfimachi

56 1972 412 2143 ueniant
429 1977 756 2148 urrann

59 2168 240 2240 amicitiam
257 2165 317 2239 fibi
334 2165 405 2238 esse.
432 2166 499 2240 Sed.
514 2168 592 2240 ideo
599 2169 756 2267 Lyfima·

56 2264 170 2337 chiam
195 2262 394 2336 restaurabat
414 2265 633 2356 Antiochus,
665 2269 756 2364 quod

57 2361 238 2434 commoda
262 2362 340 2434 belli
366 2365 401 2434 in
421 2362 593 2462 Europam
615 2366 756 2439 transfe-

59 2459 154 2531 rendi
179 2456 267 2532 sedes
281 2459 391 2532 futura
406 2461 487 2534 effet
513 2479 539 2534 θ.
589 2464 685 2562 Ergo
701 2488 757 2536 re·

59 2558 260 2630 nunciarunt
277 2557 426 2630 Romam
435 2560 556 2656 legati,
581 2563 760 2661 ingentem

58 2654 137 2726 beili
163 2653 288 2726 molem
305 2653 346 2726 ab
364 2657 540 2729 Antiocho
555 2662 693 2745 restare3
720 2659 759 2732 &

59 2752 201 2825 Aetolos
232 2753 359 2843 etiam,
385 2753 627 2855 Nabidcmque
643 2778 756 2854 tyran·

364 2851 433 2924 Hh
457 2873 482 2950 5
672 2877 757 2932 num

62 3043 66 3050 ·
94 3011 194 3071 arbit.
214 3031 236 3071 t.
245 3007 291 3087 38.
327 3010 431 3088 bApp·
444 3013 624 3092 Aitxsyriac.
663 3013 755 3074 cliv.
827 3058 830 3063 -

57 3085 123 3144 abin
142 3102 189 3160 c3
213 3133 219 3148 .
238 3085 323 3163 rohb.
342 3096 461 3150 tarn.
481 3108 555 3166 aar.
593 3089 613 3150 d
630 3091 756 3169 Apaai.

49 3162 74 3231 A·
88 3160 115 3225 da
130 3107 211 3228 208AE
251 3181 268 3226 e
287 3165 356 3244 App]
374 3167 422 3231 Al·
440 3175 497 3244 Syro
