2002 3554
153 113 296 236 ⁸'56
453 131 749 207 Httroara
860 110 863 113 i

238 354 244 361 .
296 307 328 379 ς.
343 290 391 368 V.
424 293 514 366 Cum
533 295 582 366 ita
604 317 665 390 per
685 313 787 364 annos
809 290 949 385 quadra·
984 289 985 292 ’

247 391 342 490 ginta
358 410 500 486 quatuor
518 390 645 477 summa
662 388 854 484 prudentiae
871 391 952 486 glo·

237 491 296 561 tria
318 489 479 586 regnasset
500 487 633 559 Servius
656 486 789 559 suorum
803 484 949 584 denique

246 586 366 659 scelere
382 586 492 688 periit.
524 585 639 656 Tullia
649 582 759 668 enim,
769 607 869 679 quam
890 608 952 656 nen

249 683 340 757 fariis
351 683 476 778 nuptiis
489 680 679 778 Tarquinio
691 679 840 777 jundtam
860 681 952 754 vidi-

136 861 138 865 ·
247 803 345 871 mus,
377 781 533 853 maritum
548 781 696 864 incitare
712 802 780 850 non
798 776 949 869 destitit,

242 896 287 951 *ut
317 877 444 951 avitum
480 874 540 949 srbi
580 901 721 976 regnum
754 898 950 969 recuperare

247 974 358 1050 vellet.
408 975 455 1046 Et
478 976 588 1072 ptimo
612 973 747 1072 quidem
770 973 805 1043 in
826 973 949 1045 Senatu

248 1071 508 1170 generadversus
521 1071 819 1146 socerumcaussam
829 1069 950 1167 egita,

247 1171 437 1269 Tarquinio
445 1192 609 1268 regnum,
620 1190 795 1270 paternum
813 1171 956 1264 quippe,

249 1266 496 1355 sibiafferente,
515 1268 633 1341 Tullio
649 1292 728 1340 vero
744 1265 864 1361 Populi
874 1289 948 1336 eam

248 1366 520 1464 dispensationem
536 1364 598 1434 effe
639 1362 798 1453 robante,
814 1360 949 1458 ejusque

248 1465 494 1538 restitutionem
519 1390 651 1556 Popuio
669 1458 875 1543 offerentes),
896 1481 951 1558 pe·

249 1589 304 1633 nes
325 1586 444 1654 quem,
473 1557 607 1630 distante
630 1582 762 1646 natura,
792 1559 950 1642 summum

248 1683 353 1730 terum
369 1653 530 1726 arbitrium
548 1662 603 1746 effe
621 1657 741 1746 constat.
793 1655 883 1726 Mox
911 1657 946 1726 in

249 1755 450 1826 concionem
479 1753 666 1849 progressus
690 1753 823 1826 Tullius
845 1753 947 1824 etiam

246 1851 383 1944 Populo
406 1851 544 1922 caussam
559 1854 647 1922 suam
667 1851 823 1946 probavit
842 1877 875 1934 c3
901 1851 947 1922 ita
986 1904 990 1911 .

248 1969 288 2022 ut
303 1948 505 2045 Tarquinius
527 1971 605 2019 cum
631 1947 691 2020 suis
712 1951 803 2020 ocius
828 1946 870 2017 se.
885 1946 949 2017 do·
977 1952 980 1961 '

249 2071 345 2120 mum
362 2049 570 2142 proriperet5
596 2045 633 2116 &
648 2047 748 2141 paulo
759 2043 832 2141 post
847 2042 950 2116 simu·

249 2146 315 2237 lata
341 2146 544 2242 poenitentia
569 2167 646 2214 cum
671 2142 783 2215 socero
809 2144 844 2214 in
873 2165 952 2239 gra·

249 2245 331 2316 tiam
355 2242 489 2318 rediret.
549 2238 678 2313 Verum
711 2239 805 2312 brevi
830 2237 951 2310 admo-

250 2339 331 2412 dum
347 2339 452 2435 elapso
462 2340 621 2432 temporis
634 2337 736 2433 spatio
753 2354 950 2435 captataoc-
976 2391 980 2395 .

252 2436 402 2522 casrone,
426 2434 517 2528 quod
535 2434 687 2530 pleraque
704 2432 795 2532 plebs
809 2433 849 2509 ad
865 2431 951 2505 mes·

252 2533 319 2603 sem
341 2529 522 2600 faciendam
548 2531 583 2601 in
608 2534 694 2627 agris
718 2532 822 2617 esset,
855 2533 951 2628 regio

196 2633 197 2637 ’
251 2626 368 2702 habitu
410 2617 563 2699 indu‘dius
608 2635 716 2701 Patres
758 2649 952 2707 convocat,

250 2748 392 2822 quorum
416 2725 565 2820 plerique
588 2727 695 2797 minus
719 2728 814 2821 aequi
828 2726 950 2799 Tullio

249 2843 367 2910 erant,
394 2823 483 2922 quod
500 2823 581 2896 olim
602 2824 710 2897 invito
734 2824 856 2898 Senatu
872 2845 949 2919 reg·

863 2941 946 2994 num

250 3083 266 3128 a
286 3067 363 3207 ξὶὲἵ.
376 3071 504 3221 grpsspv.
527 3090 548 3129 c.
566 3086 610 3148 31.
623 3068 683 3152 [qq.
739 3068 840 3131 brbid.
863 3085 883 3160 t·
903 3062 950 3144 3⁶·

58 3230 117 3335 *a
