2002 3554
167 120 241 199 31'2·
396 113 699 194 Hannoni}

170 278 335 355 &atotetn
365 275 433 364 dici
455 277 583 378 placuit
601 272 885 379 Papirium'Cur·

171 377 293 462 sorem,
312 400 414 474 quem
439 394 515 450 toto
534 375 601 447 hoc
615 401 703 450 anno
722 376 886 455 Dillat'o·

172 480 246 551 tem
267 475 362 549 fuisse
390 474 458 548 fine
481 472 685 549 Consulibus
724 499 767 548 ex
795 477 885 553 fastis

173 572 377 673 Capitolinis
399 593 489 671 patet
529 588 556 642 ².
581 571 656 648 Hic
679 575 885 650 Samnitium

174 674 282 746 aciem
306 697 387 745 auro
410 689 549 768 argento
573 692 616 743 ue
632 673 770 746 coelatis
783 675 884 747 armis

176 773 366 870 fulgentem
384 768 497 842 stravit
514 694 684 869 caltaque
699 794 818 844 eorum
829 797 887 846 ce·

176 871 250 968 pit3
290 867 448 968 magistro
477 867 668 962 Equitum,
704 869 888 968 legatisque

179 968 311 1042 strenue
331 990 402 1039 tem
421 964 614 1063 gerentibus
632 996 643 1052 ;
678 991 740 1039 nec
766 966 888 1042 militi·

179 1066 241 1141 bus
258 1067 383 1138 ducum
399 1067 516 1136 virtuti
539 1063 735 1137 cedentibus
766 1064 795 1136 b.
822 1067 887 1139 Pa·

181 1166 287 1265 pitius
299 1164 342 1237 de
356 1159 560 1235 Samnitibus
577 1163 678 1235 trium
706 1163 822 1237 havit:
849 1180 890 1239 ut

182 1265 284 1337 etiam
309 1258 536 1360 praecedentis
559 1262 634 1333 anni
702 1259 797 1334 nnsul
823 1261 891 1336 Fa·

181 1361 284 1436 bius:
319 1383 395 1433 nam
422 1381 465 1430 ex
489 1356 576 1430 fastis
598 1356 815 1457 Capitolinis,
848 1378 889 1434 ut

179 1464 250 1561 jam
272 1455 401 1532 dicium
426 1455 474 1528 est
497 1474 610 1553 patet,
642 1481 719 1530 eum
736 1456 891 1531 Procon-

183 1558 252 1633 sule
275 1551 504 1648 triumphasse.
568 1554 690 1629 Livius
717 1578 800 1629 vero
828 1555 889 1630 hic

84 1726 87 1731 .
182 1655 326 1728 duorum
343 1663 507 1725 annorum
524 1652 614 1750 gesta
628 1654 662 1724 in
680 1654 786 1737 unum
802 1677 888 1727 con·

183 1751 291 1827 fudit:
319 1749 408 1821 unde
431 1753 887 1850 etiamcapite41.petper‚am

87 1901 91 1919 .
185 1847 290 1936 dicit,
316 1846 410 1919 Fabio
438 1854 472 1919 in
498 1871 610 1918 annum
619 1854 798 1944 sequentem
816 1877 891 1921 con·

180 1949 318 2046 sulatum
327 1951 421 2043 fniffe
439 1951 643 2018 continuatum
651 1978 665 2035 3
690 1973 770 2021 cum
787 1972 892 2021 annus

187 2045 383 2123 Disiaturae
430 2045 622 2142 Papirianae
664 2046 893 2122 intercellerit.

29 2147 283 2261 A,v,445,Etgo
302 2150 345 2217 A.
363 2143 409 2218 U.
425 2168 507 2239 445.
533 2143 638 2218 Fabio
646 2146 785 2218 tertium
796 2145 894 2218 Con·

190 2246 250 2321 suli
277 2244 409 2342 collega
431 2244 564 2316 virtutis
590 2267 692 2340 ergo,
717 2266 781 2340 qua
801 2243 894 2344 lega·

116 2337 119 2342 ’
190 2365 244 2419 tus
259 2364 347 2414 anno
366 2340 587 2438 praecedente
607 2342 641 2411 in
657 2342 821 2419 Samnites
829 2367 895 2439 pu·

214 2457 373 2526 navenat,
398 2438 446 2510 est
470 2436 563 2507 datus
581 2444 616 2509 Ρ.
635 2437 763 2512 Decius
778 2438 912 2514 secum·

189 2465 282 2612 gum.¹
318 2538 350 2609 A
365 2536 473 2623 Fabio
489 2536 610 2605 iterum
633 2535 714 2609 vieti
732 2540 898 2612 Samnites

191 2660 270 2709 cum
292 2635 386 2709 novis
399 2634 499 2703 etiam
516 2629 665 2706 hostibus
689 2635 760 2707 Peli
787 2637 837 2709 nis
854 2660 895 2710 ac

195 2736 316 2827 Marfis
345 2749 375 2802 ct
396 2729 522 2802 Decius
538 2659 808 2805 circumferenlo
826 2734 899 2830 pas-

194 2834 256 2910 fim
289 2832 326 2903 in
347 2827 482 2902 Etruria
512 2828 637 2903 bellum
656 2854 780 2904 nomen
795 2855 898 2905 omne

776 2927 899 3002 Etrus-

181 3116 184 3121 .
231 3051 421 3205 {agapi
438 3016 675 3137 licoauaap.
712 3048 731 3111 b
750 3049 815 3116 lbid.
827 3068 902 3128 ⁶·40·
