2002 3554
251 101 300 218 od
439 141 770 257 Hrsronrn

253 305 320 379 tiae
343 302 459 385 assueti
491 303 556 386 subl
581 302 738 399 jussorum
771 300 953 401 Magistra·

257 421 353 474 tuum
371 402 513 501 imperio
535 425 604 474 non
627 425 700 474 eam
728 398 789 473 fibi
812 401 888 474 fore
910 403 952 474 li·

252 501 433 585 centiam,
492 523 577 598 quae
610 497 669 572 sub
700 500 843 598 tyrannis
878 499 952 572 fue·

222 615 333 685 ··rat3
390 599 422 668 ui
450 620 493 691 pe
513 619 590 667 curn
616 594 745 692 legibus
766 595 953 694 deinceps,

252 717 322 768 non
355 622 491 767 illudne
517 696 621 766 vitam
652 691 820 766 instituere
847 717 978 792 cogo·

251 809 368 865 rentur
391 809 433 865 ι.
481 790 583 863 Forte
610 809 721 873 autern
747 792 783 861 in
811 790 954 864 cubicu-

253 888 319 979 lo,
342 887 402 963 ubi
420 887 733 1058 scelusaffitabatut,
751 886 859 963 setvut
876 890 953 983 qui·

254 985 360 1077 dant,
394 990 449 1060 cui
473 985 544 1063 Vin
567 987 635 1059 icio
658 1008 780 1058 nomen
800 984 864 1058 fuit
881 986 952 1058 im·

252 1084 397 1184 prudens
421 1085 606 1160 delituerat.
663 1085 733 1158 Hic
749 1081 856 1156 statim
880 1105 954 1156 tent

252 1179 295 1254 ad
318 1180 515 1273 Valetium,
542 1182 585 1255 de
608 1207 675 1281 quo
700 1180 803 1254 modo
825 1177 956 1275 didiurn

253 1276 338 1365 fuit,
366 1281 504 1371 defert3
527 1283 736 1372 inventisque
761 1277 883 1375 literis,
916 1277 954 1350 dc

255 1375 403 1454 sontibus
424 1375 644 1474 ¹deprehensis
673 1379 793 1449 Brutus
818 1375 954 1473 quidem

159 1521 160 1524 =
255 1473 367 1549 statim
392 1472 574 1548 admirabili
596 1473 699 1546 animi
717 1470 899 1547 constantia
922 1471 954 1546 se

256 1594 372 1644 coram
409 1569 494 1644 filios
525 1569 597 1643 suos
633 1572 734 1666 virgis
765 1568 872 1642 caesos
904 1573 955 1645 se·

256 1668 329 1741 curi
353 1672 484 1763 percuti
503 1667 606 1763 jussit.
682 1668 870 1742 Collatinus
893 1693 956 1742 au·

257 1785 328 1839 tem
355 1786 434 1837 curn
466 1763 583 1838 sororis
609 1762 680 1838 suae
705 1765 791 1839 filios
818 1762 957 1839 servatos

257 1861 359 1936 vellet
382 1861 427 1953 b,
475 1863 522 1935 illi
552 1862 686 1960 quidem
713 1862 833 1961 Populi
875 1863 956 1957 jussu

129 2039 134 2058 ⁸
253 1959 404 2054 ¹damnati
429 1959 464 2032 ὃ(
487 1961 595 2033 necati
612 1959 684 2034 sunt
704 1987 715 2050 3
746 1958 815 2059 ipse
845 1985 954 2053 vero,

258 2056 413 2134 suadente
427 2059 526 2132 etiam
541 2077 580 2131 ut
595 2057 826 2154 obsequeretur
840 2060 956 2133 socero

261 2154 958 2255 Lucretio‚lrlagistratuseabdicarecoadius

207 2262 208 2265 ’
260 2254 327 2341 est3
354 2254 390 2325 &
406 2280 524 2353 magna
540 2257 699 2351 pecuniae
716 2255 838 2325 summa
860 2278 876 2326 a
893 2258 957 2350 po·

286 2351 342 2424 ulo
358 2350 500 2424 donatus
515 2349 693 2424 Lavinium
710 2350 895 2424 habitatum
921 2376 958 2424 a·

258 2378 325 2520 siit
341 2464 373 2518 c:
398 2445 486 2518 unde
503 2467 613 2546 patet,
640 2473 707 2522 non
719 2448 790 2522 satis
799 2447 887 2519 reste
896 2447 958 2523 Li·

258 2545 352 2616 vium
372 2547 411 2612 L.
433 2567 485 2616 11.
511 2571 539 2614 c.
555 2569 586 2620 2.
611 2549 704 2620 nudo
718 2545 861 2618 nominis
876 2547 958 2620 odio

261 2639 468 2712 Collatinum
497 2644 626 2736 pulsum
647 2643 768 2715 dicere.
826 2642 866 2715 ln
888 2646 959 2737 ejus

225 2738 227 2743 ’
259 2739 373 2815 locum
397 2736 552 2814 suffetius
575 2742 623 2814 est
647 2741 683 2811 P.
704 2739 872 2815 Valerius:
899 2742 957 2832 de,

261 2856 301 2913 ut
326 2837 435 2910 omnis
464 2836 534 2935 spes
556 2839 724 2914 amicitiae*
745 2838 855 2939 regiae
869 2839 872 2845 ’
885 2839 958 3008 Po·

874 2959 920 3033 pu
934 2961 959 3009 o

259 3089 353 3146 azio.
377 3096 414 3144 11.
436 3106 457 3144 c.
476 3101 503 3161 3.
517 3085 559 3163 sq:
616 3084 634 3145 b
658 3083 730 3153 rtur.
744 3081 833 3163 Poplir.
847 3091 874 3157 p.
895 3081 961 3142 too:

55 3150 131 3347 ἵ
294 3160 409 3231 coion,
425 3161 489 3238 ud,
506 3169 581 3243 ur.
597 3181 619 3228 e.
635 3177 678 3240 n,
759 3200 761 3204 -
