2002 3554
162 144 235 243 324
362 132 687 209 H1sc.on‘1a·
795 170 804 241 '.

162 325 237 379 rum
252 298 290 373 iis
304 288 453 369 hostibus
470 293 614 369 feliciter
627 294 788 466 superatis
804 321 876 373 neq

164 425 222 475 mo
233 398 305 495 jam
318 393 458 491 amplius
473 414 541 467 erut
557 393 668 467 intral
694 418 791 467 erum
801 394 871 471 flu·

163 500 276 583 vium,
302 488 872 593 quifacilecontraCarthaginien-a

163 596 210 669 ses
236 593 351 667 oculos
379 589 497 663 tollere
520 589 675 678 auderet,
700 592 869 669 unicosli

163 696 334 791 exciperes
361 689 587 786 Saguntinos;
623 714 768 786 quorum
790 691 870 763 urbs

165 818 208 866 co
224 792 300 865 loeo
318 785 414 859 fuisse
428 787 593 873 creditur,
619 810 687 885 quo
704 787 867 861 hodieest

165 888 343 977 Morvedro
367 885 401 955 in
434 888 598 957 Valentiae
631 909 737 981 regno
763 889 866 983 oppi-

164 990 257 1061 dum.
293 981 358 1059 Sed
383 980 525 1055 sollicite
547 982 638 1057 vafer
657 985 791 1065 Poenus
806 986 867 1057 Sa«

164 1083 316 1184 guntinis
339 1081 568 1153 Romanorum
589 1079 765 1155 foederatis
777 1105 869 1169 arma

165 1180 367 1259 abstinebat.
393 1198 432 1250 ut
453 1180 567 1252 omnia
584 1181 714 1251 circum
728 1177 805 1252 loca
822 1178 865 1253 fia

164 1280 201 1353 bi
227 1281 316 1378 prius
335 1274 532 1374 subjiceret,
558 1296 735 1374 antequam
758 1277 863 1349 ullum

164 1378 244 1451 belli
259 1394 473 1469 praetextum
489 1376 655 1449 Romanis
670 1373 777 1447 daret.
804 1374 866 1449 Sa«

166 1476 301 1575 guntini
326 1490 474 1562 veroa,
498 1475 555 1570 qui
580 1471 653 1545 satis
680 1471 869 1569 prospicie·

166 1575 268 1662 baut,
300 1571 389 1657 fore,
415 1592 453 1642 ur
478 1569 633 1643 omnibus
654 1570 688 1642 in
707 1570 870 1666 Hispania

166 1666 868 1764 aCarthaginiensrbussubaetis,ipsaniam

167 1767 310 1860 denique
332 1760 491 1836 visloriae
513 1762 652 1838 acceffio
668 1764 811 1855 fierent,
837 1769 871 1839 ia

168 1860 340 1936 dentidem
358 1863 498 1934 nuncios
514 1863 662 1934 Romam
672 1864 863 1952 mittebant,

168 1963 228 2060 qui
247 1956 452 2032 conditionis
468 1958 717 2049 incerriffimae,
744 1986 870 2059 quares

166 2083 284 2132 eorum
309 2076 430 2144 erant,
462 2060 639 2133 Romanos
679 2079 870 2143 monerent.¹

167 2159 349 2241 Romani,
384 2153 559 2267 postquam
584 2154 678 2252 saepe
699 2158 762 2247 hos
783 2183 868 2230 nun·

84 2332 86 2339 ,
167 2257 239 2329 cios
260 2253 507 2353 neglexissent,
541 2253 674 2327 tandem
688 2255 813 2355 legatos
831 2259 870 2341 in

166 2353 362 2452 Hispaniam
391 2352 577 2443 miserunt,
610 2351 869 2450 quipraesentes

166 2454 209 2523 de
226 2446 382 2523 omnibus
406 2448 503 2523 rebus
523 2446 779 2549 cognoscerent.
810 2454 862 2524 Hi

163 2571 242 2621 cum
275 2545 467 2618 Hannibale
492 2548 653 2623 collocuti
683 2571 761 2621 eum
789 2575 868 2621 mo·

164 2662 266 2733 nent,
292 2660 329 2713 ut
346 2642 553 2740 Saguntinis,
578 2646 687 2744 quiin
706 2645 775 2719 fide
799 2647 868 2720 Po·

164 2741 235 2836 puli
266 2740 417 2814 Romani
449 2763 559 2831 erant,
586 2769 719 2841 parcere
743 2745 864 2830 vellet,-

163 2864 249 2913 neve
275 2862 409 2912 amnern
435 2839 571 2915 Iberum
594 2864 711 2916 contra
724 2842 864 2931 foederis

162 2961 246 3031 curn,
266 2936 474 3013 Hasdrubale
494 2937 553 3013 icti
583 2939 671 3040 leges
697 2938 859 3016 tranfirct.

292 3084 296 3097 ·
401 3122 405 3129 .
735 3039 868 3123 Hanni·

7 3186 166 3305 Β
191 3166 214 3219 t
234 3148 303 3237 Ιᾷἱᾶ.
319 3168 395 3273 t.r5.
411 3192 425 3223 ·.
492 3206 495 3211 .
