2002 3554
6 3214 153 3343 „N

162 142 240 211 210
384 125 701 207 Humum
791 144 802 186 '-

161 297 209 372 les
225 293 303 369 anni
327 290 495 394 sequentis
516 318 591 368 eam
607 290 789 368 lestionem
806 316 879 373 non

165 391 413 469 observaverint
446 410 472 465 ².
508 393 686 466 Praeterea
699 393 767 465 hoc
785 419 879 470 anno

166 517 187 565 e
206 494 330 592 viginti
347 512 491 592 quatuor
504 491 878 569 Tribunismilitaribus

164 592 331 666 sexdecim
358 617 377 664 a
399 591 528 687 populo
542 592 646 663 creari
662 612 875 688 coeperunt:

165 689 247 766 ouo
263 691 323 784 (in
336 709 479 786 quatuor
494 690 664 786 legiones,
700 687 771 763 slve
788 689 877 762 duos

165 785 520 864 exercitusconsulares
539 786 741 859 creabantur
749 788 876 885 viginti

164 907 309 981 quatuor
319 883 759 982 Tribuni)osto,inquam,
767 884 880 957 bene⁴

165 985 248 1060 ficio
271 982 456 1058 Consulum
474 981 583 1058 resisti
593 983 676 1055 sunt.
698 983 884 1079 lntereaiu

166 1085 304 1160 Samnio
324 1081 492 1158 Samnites
514 1087 666 1154 Cluviam
700 1080 877 1156 deditione

167 1202 347 1281 ceperant:
366 1181 405 1256 δε
429 1183 464 1252 in
474 1179 606 1253 deditos
616 1178 877 1254 crudelitersae·

168 1283 309 1356 nictant.
331 1281 427 1378 Ergo
437 1278 562 1353 Consul
580 1285 618 1352 C.
629 1279 747 1376 Junius
756 1277 881 1350 Bubul*

166 1403 218 1451 cus
229 1377 358 1478 oppido
378 1400 481 1473 capto
489 1400 603 1450 omnes
612 1375 752 1474 puberes
769 1377 876 1450 inter⁴

166 1476 260 1550 fecit.
285 1475 368 1549 lude
392 1481 568 1548 Bovianum
587 1470 876 1573 opulentissimum

167 1571 334 1671 oppidum
344 1573 457 1667 cepit5
481 1572 704 1672 praedamque
713 1571 877 1663 militibus

168 1668 338 1742 concessit.
365 1669 588 1745 Videntesita
599 1671 782 1755 Samnites,
800 1669 875 1744 sevi

166 1785 280 1864 aperta
297 1767 693 1868 Romanisesseimpares‚
703 1768 875 1842 srmilido·

167 1865 203 1936 lo
223 1888 262 1936 ac
285 1864 372 1961 apud
396 1866 568 1942 Caudium
585 1867 632 1939 usi
649 1869 803 1957 fuerant,
827 1868 875 1939 le·

168 1962 286 2062 giones
321 1965 494 2038 Romanas
533 1969 568 2036 in
602 1964 719 2038 saltum
753 1967 876 2039 intrare

168 2062 405 2161 perpulerunt:
433 2085 466 2137 at
475 2067 601 2164 majore
609 2062 808 2137 fortitudine
816 2088 876 2163 pe-

166 2161 276 2234 riculo
300 2163 331 2234 se
356 2183 582 2250 exemerunt3
615 2164 716 2234 itaut
732 2183 877 2260 Perpau-⁴

166 2260 214 2330 cis
230 2258 378 2331 hostium
395 2259 560 2356 effugium
577 2262 743 2356 patuerit,
780 2284 876 2355 prae·

165 2353 309 2450 damque
328 2358 418 2428 ultro
429 2358 469 2428 ab
480 2356 728 2430 hosteoblatam
740 2353 875 2430 Roma·

165 2452 202 2524 ni
225 2451 351 2527 suerint
367 2456 468 2527 meti.
519 2453 576 2524 Ab
593 2452 695 2526 altera
709 2476 805 2554 parte
824 2454 876 2534 E·

164 2547 266 2620 trusci
292 2552 467 2634 Sutrium,
494 2549 619 2622 sociam
635 2550 877 2628 Romanorum

164 2646 321 2738 Urbem,
346 2651 383 2722 &
399 2647 492 2721 velut
500 2645 638 2722 claustra
647 2652 804 2726 Etruriae
824 2652 843 2713 b
863 2692 876 2742 ,

166 2764 406 2847 oppugnarunt
416 2773 427 2829 ς
451 2745 643 2846 praelioque
658 2747 876 2848 pertinacissi-

167 2868 227 2917 mo
243 2869 322 2917 cum
342 2844 524 2932 Romanis,
549 2849 608 2945 qui
626 2849 666 2922 ad
683 2845 875 2924 solvendam

165 2940 374 3018 obsidionem
403 2964 585 3038 venerant,
618 2946 875 3046 ‘depugnarunt3

177 3072 182 3079 ·
266 3074 280 3080 ··
704 3069 709 3085 =
777 3038 874 3142 quod

174 3138 490 3242 'ammodo
528 3159 733 3237 sumanzu.
