2048 3526
91 143 123 242 ‚'
194 140 352 215 Remus.
377 135 707 215 Roman.'L1n.V.
745 156 817 242 573

109 301 166 376 leo
182 318 365 387 venerunt.
407 304 532 372 Mirari
552 298 659 394 Persea
676 306 812 399 Regem,

114 400 263 471 dicentes
279 451 290 484 ,
324 396 412 491 quad¹
428 407 461 468 in
488 400 711 467 Macedoniam
726 426 825 469 exera

114 502 190 565 cirus
206 499 401 592 transportari
415 501 506 585 effere
531 509 557 564 ².
583 502 814 593 Siimperrrirr‘a

82 673 88 687 ι
115 600 229 663 &narn
241 593 348 682 posset,
371 613 403 661 ur
421 598 445 662 u·
463 614 662 681 revocemur,
702 599 812 690 Regem

115 691 157 759 de
186 696 307 787 injuriis
324 740 352 782 ,Ι
363 689 391 783 st
416 715 490 783 quus
503 693 580 779 socii
587 690 688 784 fallar
704 714 814 786 quere·

117 807 240 874 rentur,
265 785 414 856 arbitratu
437 791 563 856 Senarus
581 789 814 880 frarirfallurum
853 821 855 827 ·

117 887 185 972 effe.
239 883 366 955 Verum
403 907 481 954 cum
512 881 630 954 eodem
655 904 811 975 tempore

117 986 169 1078 Sp.
197 985 353 1051 Carvilius
376 1003 418 1051 ex
443 978 584 1079 Graecia
604 980 707 1051 redux
724 983 815 1077 lega·

122 1097 175 1149 tos
188 1101 301 1150 coram
317 1098 488 1174 argueret,
539 1127 566 1166 ‚,
591 1078 693 1148 multa
711 1079 818 1149 al’er·

123 1222 150 1264 ‚,
174 1170 227 1246 seo
245 1196 361 1247 contra
374 1173 490 1246 foedus
503 1172 675 1259 steincile,
700 1182 723 1217 “
755 1197 816 1246 ne·

121 1294 187 1366 que
209 1273 311 1368 legati
334 1268 375 1341 ad
403 1294 439 1342 ea
457 1268 651 1366 respondere
668 1271 815 1368 pollent,

122 1367 217 1441 ltalia
245 1367 404 1440 excedere
414 1365 489 1464 juffi
508 1368 582 1439 sunt
608 1370 634 1440 b.
684 1369 815 1442 Rorna-

124 1488 246 1538 norum
270 1488 350 1537 vero
375 1464 475 1562 legati
490 1466 524 1538 in
540 1464 683 1538 Graecia
697 1467 816 1538 civita·

125 1582 174 1634 tes
194 1563 433 1635 circumeundo
448 1586 501 1634 eas
516 1563 551 1633 in
566 1564 720 1636 societate
736 1563 815 1635 Ro·

125 1681 299 1734 manorum
316 1657 550 1746 firmaverunt3
574 1659 627 1750 ἃ,
650 1680 689 1733 ut
705 1661 822 1733 onmiav

126 1755 364 1850 decernerent,
399 1780 481 1853 quae
505 1757 652 1830 Romani
677 1759 821 1843 vellent,

125 1851 277 1928 fecerunt
299 1873 342 1926 c:
369 1854 469 1949 idque
485 1853 821 1953 eodemtemporeab

128 1950 228 2021 altera
260 1952 427 2045 legatione
451 1954 485 2021 in
520 1950 595 2022 Asu
626 1952 818 2047 praestitum

128 2042 177 2115 est
202 2044 238 2132 dr
281 2043 362 2116 lnde
371 2047 476 2140 legati
493 2069 512 2116 a
538 2045 656 2118 Perseo
673 2048 713 2120 ad
731 2049 822 2144 lega·

131 2164 185 2215 tos
208 2143 449 2215 Romanorum
475 2146 636 2215 venerunt
652 2164 822 2238 petentes,

132 2260 172 2311 ut
200 2239 350 2312 Marcius
368 2237 447 2327 (hic
463 2238 635 2334 legationis
650 2242 825 2312 Romanae

130 2336 295 2435 princeps·
311 2354 400 2425 erat,
428 2335 582 2432 idemque
607 2341 736 2433 privato
749 2341 825 2434 jure

131 2453 283 2529 paternus
299 2434 411 2531 Regis
423 2433 562 2531 hospes)
576 2437 610 2504 in
619 2436 825 2532 colloquium

131 2531 284 2604 veniendi
303 2529 499 2626 potestatem
516 2530 650 2604 faceret.
676 2532 827 2606 Postdies
940 2616 942 2623 s

130 2652 253 2726 paucos
281 2628 322 2700 ad
335 2626 569 2701 constitutum
600 2630 712 2703 locum
743 2656 826 2704 con·

133 2725 231 2822 greffi
247 2725 342 2815 lunt,
367 2726 697 2823 plurimaquecontra
712 2726 828 2802 foedus

134 2821 219 2896 faula
247 2822 374 2922 objecit
395 2823 562 2897 Marcius:
587 2823 641 2897 sed
657 2826 832 2996 quaem

168 3062 190 3114 a?
205 3055 268 3118 did.
287 3077 307 3115 e.
315 3058 361 3134 36.
400 3058 418 3116 b
437 3059 519 3134 Polyi·
538 3079 589 3118 exe.
608 3061 681 3134 legat.
695 3056 780 3121 >n.68.

168 3131 441 3216 cliv.d3l.r.38.
479 3134 675 3216 dibiad-ms·
734 3149 737 3156 ·
780 3156 783 3161 ·
864 3168 868 3173 ·
