2002 3554
142 118 215 218 248
286 115 293 129 '
346 114 649 193 Hierum

145 281 231 356 bene
251 277 324 353 sane
338 303 411 352 rem
425 274 520 378 gessrt
543 273 691 350 Rufinus
704 271 856 348 Lucania

146 373 754 463 &Bruttiisafflidtis;&Crotonem,
768 394 852 470 quae

146 475 315 550 defecerat
338 474 501 575 praefidio
534 479 731 572 Epirotarum
758 492 851 543 rece·

148 594 234 672 pto,
259 576 459 648 dexteritate
468 572 581 668 potius
590 569 852 669 ingeuli‚quam

148 674 184 744 vi
210 672 337 768 recepit
367 686 394 741 ².
445 668 591 768 Pyrrhus
607 687 745 751 autem,
772 685 852 738 curu

148 792 195 841 ex
212 771 328 844 Sicilia
346 764 548 851 discederet,
572 763 680 838 fertur
693 761 853 840 adcomi·

150 879 201 940 tes·
227 865 300 941 suos
316 863 494 938 conversus
512 861 649 952 dixisse,
682 864 811 954 Quam,
837 884 853 931 ο

151 967 247 1036 amici
264 1014 277 1056 ,
300 962 477 1064 palaestram
494 958 790 1058 Carthaginiufidm
806 956 855 1030 θ’

152 1069 301 1134 Romanis
322 1065 550 1157 relinquimus?
584 1055 694 1148 Quod
730 1053 856 1129 veriffi·

154 1183 251 1233 mum
290 1157 461 1257 prudentis
506 1157 610 1256 Regis
649 1154 856 1252 praesagium

153 1249 857 1351 fuiffeeveutusmuxcomprobavit.lnipso

153 1354 295 1452 trajeetu
320 1379 398 1428 eum
424 1359 534 1424 Poenis
563 1348 750 1448 confligere
772 1349 858 1448 Pyr·

153 1451 233 1526 rhus
249 1451 385 1525 coaetus
402 1452 483 1535 fuit3
509 1473 549 1521 ac
566 1471 686 1548 magna
695 1464 791 1542 parte
799 1468 858 1518 ua·

154 1550 248 1620 vium
273 1551 403 1620 suarum
433 1546 540 1620 amiffa
572 1549 606 1618 in
638 1545 769 1617 ltaliam
793 1566 859 1639 pu·

154 1645 220 1715 tius
229 1645 338 1742 fugit,
386 1645 578 1715 namvenit.
604 1641 858 1738 Transgreffum

154 1737 264 1808 statim
286 1666 431 1810 invadere
447 1739 645 1810 Mamertini
662 1765 671 1810 :
704 1736 759 1809 sed
776 1739 860 1837 Pyr·

136 1890 139 1895 .
154 1831 251 1918 rhus,
277 1857 354 1905 cum
369 1833 436 1930 ipse
451 1835 599 1931 praesens
614 1833 862 1931 fortiffrmepu·

154 1949 295 2028 gunter,
313 1932 358 2002 ita
367 1951 404 2002 ut
412 1930 589 2004 barbarum
598 1928 630 2002 se
641 1933 860 2005 invadentem

154 2027 309 2102 medium
336 2027 551 2110 dissecuerit,
584 2030 673 2101 viam
698 2031 863 2126 reliquam

8 2155 142 2232 ,v,478‚
157 2125 217 2200 fibi
226 2144 334 2201 tutam
343 2127 514 2223 praestitit.
534 2127 753 2223 indepartem
764 2150 863 2199 exer·

6 3198 118 3311 N

157 2226 245 2298 citus
275 2226 314 2311 in
334 2226 521 2298 Lucaniam
546 2223 695 2297 adversus
720 2225 864 2296 alterum

157 2318 340 2394 Consulem
361 2324 486 2395 mittit:
513 2320 581 2418 ipse
600 2321 766 2417 reliquam
782 2344 861 2417 par·

155 2436 228 2490 tem
251 2415 402 2489 adversus
429 2418 573 2490 Curium
596 2418 715 2507 duxit,
742 2414 865 2492 fiante

155 2534 253 2607 quam
268 2514 389 2586 auxilia
403 2514 636 2599 adventarent,
657 2513 861 2613 ipfiusexer·
894 2572 897 2579 .

156 2610 263 2718 citum
287 2609 466 2710 profligare
489 2613 606 2707 poffet.
644 2612 711 2684 Sed
733 2610 865 2686 Consul

155 2728 297 2802 primam
312 2711 382 2807 ejus
395 2711 500 2781 aciem
519 2719 759 2806 (peecatorem
771 2713 863 2782 euim

156 2804 362 2879 vieamilites
375 2807 492 2899 Pyrrhi
502 2830 569 2878 nun
577 2831 694 2880 omnes
702 2805 864 2880 fimulad·

156 2903 271 2975 venire
279 2910 476 3002 potueruut)
485 2904 593 2979 caedit
603 2901 863 3002 elephantosque

737 2999 870 3102 aliquot

195 3124 213 3166 ι
231 3115 348 3180 Frontina.
363 3125 446 3180 Strui.
463 3126 553 3186 mu.
570 3119 628 3197 σός
644 3139 687 3184 σε.
697 3137 727 3195 4.
