2048 3526
164 160 236 241 354
384 132 687 211 Hrsaonan
809 146 816 167 ⁸

161 302 224 373 dit.
250 294 383 391 Ebusum
399 294 476 369 inde
492 292 627 367 insulam
638 292 781 391 diripitr
802 302 868 371 Ba·

163 402 297 468 leara'am
328 394 503 467 insularum
525 393 656 491 legatos
675 416 796 489 pacem
812 420 870 493 pe.

164 514 273 573 tentes
294 492 405 579 audit3
428 491 573 590 populos
597 488 668 563 His
704 492 873 567 niueam..

163 592 252 691 plius
273 610 411 661 centum
435 589 557 687 viginti
576 586 645 659 obst
673 588 745 663 ibus
768 614 863 663 acce·

165 690 233 789 ptis
247 688 383 759 ditionis
398 686 576 759 Romanae
592 682 691 759 facit:
717 710 798 761 curn
817 689 867 761 in·

167 808 266 858 tenm
295 786 396 857 ctiatn
422 784 583 857 Servilius
614 780 744 856 Consul
784 782 867 859 ma'ri

164 882 255 957 bene
286 904 357 953 rem
381 900 514 977 gereret
532 900 578 951 a:
603 882 661 973 qui
697 884 871 955 tamenin

166 980 317 1053 Siciliam
343 976 486 1051 reversus
515 974 551 1047 ὃ(
569 978 604 1047 in
621 976 770 1051 hostium
789 978 870 1053 infi-

168 1078 236 1151 dias
254 1074 381 1172 illapsus
403 1074 557 1147 idoneam
571 1070 645 1145 satia
658 1074 791 1151 cladem
842 1074 871 1149 s·

169 1174 221 1251 sua
250 1174 299 1247 est
319 1173 345 1245 b.
396 1172 540 1243 Celtiberi
562 1170 641 1243 inde
671 1172 780 1247 nobili
820 1198 871 1247 rna

169 1270 356 1371 Hispaniae
388 1294 500 1367 gens,
531 1269 587 1365 qui
617 1272 789 1367 principes
818 1296 868 1345 rc·

167 1368 364 1469 gionissuae
380 1368 506 1467 legatos
527 1365 700 1457 miscraota
725 1366 868 1447 obfides·

169 1492 236 1565 que
261 1466 440 1553 dederant,
473 1462 716 1539 Hasdrubalem
741 1466 870 1543 duobus

168 1566 297 1661 praeliis
311 1566 449 1663 egregie
466 1564 606 1635 vincunt
635 1577 663 1636 t.
715 1566 799 1639 Hoc
807 1564 871 1639 sla·

171 1682 213 1735 tu
228 1686 338 1733 rerum
355 1664 458 1732 etiam
478 1662 517 1731 P.
533 1660 649 1755 Scipio
664 1658 755 1733 Cnei
769 1660 870 1737 frater

171 1758 350 1828 Proconsul
376 1782 457 1830 cum
480 1758 618 1853 triginta
641 1757 750 1855 longis
773 1762 868 1831 navi·

171 1852 251 1942 bus,
276 1856 312 1925 ὅ(
329 1852 408 1925 obbo
418 1854 560 1925 millibus
571 1854 716 1927 militum
725 1880 865 1953 magno·

170 1977 238 2049 quc
262 1972 452 2025 commeatu
487 1952 520 2022 in
541 1950 735 2047 Hispaniam
756 1956 865 2027 venit:

170 2052 225 2123 cui
243 2051 373 2122 Abelux
398 2048 517 2122 nobilis
540 2050 759 2145 Saguntinus,
786 2050 868 2123 fidus

168 2172 265 2223 antea
283 2151 425 2237 Poenis,
451 2146 503 2217 setl
524 2147 685 2243 prosperis
693 2149 866 2221 Romano·

167 2270 242 2318 rum
270 2249 304 2317 in
327 2244 485 2341 Hispania
501 2244 599 2315 rebus
616 2264 764 2318 mutatus
780 2245 868 2319 obsi·

168 2342 228 2415 des
251 2342 493 2440 Hispanorum.
529 2342 584 2436 qui
603 2340 745 2439 Sagunti
764 2346 868 2417 serva·

171 2437 314 2523 bantur,
341 2464 400 2535 pet
417 2438 643 2535 proditionem
660 2440 773 2514 tradit.

219 2536 377 2613 Servilius
400 2537 435 2606 in
465 2537 593 2607 ltaliam
620 2534 769 2611 reversus
787 2564 866 2613 cunt

166 2632 298 2729 collega
318 2643 374 2703 M.
394 2638 500 2703 Atilio
518 2632 669 2704 Fabianis
685 2638 810 2709 artibus
821 2640 868 2709 ita

166 2729 392 2803 Hannibalem
408 2734 573 2814 exercuit,
601 2750 637 2802 ut
661 2730 868 2807 Galliamre·

165 2832 333 2927 petiturus
357 2830 487 2919 fuisset,
523 2826 549 2901 si
571 2826 773 2926 insequentis
769 2832 861 3005 gpni

825 2953 867 3002 n·

199 3066 320 3150 aPolyb.
338 3067 406 3133 lbid.
423 3063 497 3145 c.96‚
532 3022 555 3128 ls
568 3064 630 3133 [dv.
646 3069 674 3133 d.
693 3070 714 3133 l.
730 3086 811 3151 c.31·

195 3152 212 3199 c
231 3140 296 3206 lbrd.
313 3163 335 3205 r.
347 3162 393 3209 21.
