2048 3526
286 147 746 259 Puoeuooueum

112 288 176 383 ie,
206 302 330 394 atque
355 284 394 367 in
415 282 544 371 fluvio
561 288 800 384 exundanti,
822 285 910 370 sub,

112 396 241 481 mersis
272 397 358 479 aliis
388 393 539 503 scaphis
563 451 577 493 ,
605 398 693 480 illos
715 402 910 504 insperato

113 508 283 590 servatos
312 504 458 599 fuine,
487 515 525 586 ὃ(
556 533 681 615 quum
712 508 908 591 adolevis-

111 618 187 701 sent
228 620 398 698 Romam
437 616 660 701 condidisse.
718 618 826 701 Nam
855 646 906 701 ex

111 724 219 819 Festi
248 723 340 805 loco
366 727 653 834 corruptissimo
681 728 781 808 nihil
811 732 906 812 certi

112 839 323 946 quisquam
345 835 480 917 elicere
501 838 624 943 poffit.
674 837 801 945 Quod
810 856 903 950 pag.

114 951 177 1029 τό.
208 947 336 1037 dicit,
363 946 568 1029 disccffum
594 949 758 1027 Romuli
780 976 803 1027 a
826 978 905 1029 me·

111 1054 264 1162 tropoli
285 1054 352 1137 sua
373 1081 450 1135 non
483 1055 597 1137 iuiise
626 1057 853 1141 adnotatum
882 1089 905 1142 a

97 1163 398 1263 ,coccineum
423 1167 616 1272 originem
630 1166 819 1267 Maffiliae
836 1167 906 1250 ad·

111 1300 161 1354 eo
193 1299 366 1357 accurate
399 1275 648 1365 notaverint,
689 1278 729 1351 in
759 1300 806 1353 eo
835 1275 906 1359 srbi

111 1386 367 1478 icuncuiam,
394 1410 560 1493 quacum
587 1385 818 1492 depugnet,
854 1383 904 1466 ad

111 1497 299 1603 parietem
318 1501 471 1605 pingit,
498 1518 542 1577 ut
566 1493 745 1605 populari
774 1488 905 1575 nostro

110 1604 322 1714 proverbio
338 1628 445 1701 utar,
474 1630 564 1688 eum
593 1633 708 1687 nemo
729 1630 904 1713 unquam

111 1716 287 1810 dixerit,
314 1717 439 1823 ipsum
473 1715 687 1797 Romulum
714 1740 902 1797 ametro·

111 1826 197 1930 poli
232 1823 366 1933 aliqua
395 1851 446 1907 ex
476 1822 636 1908 Graecia
664 1825 739 1906 effe
771 1823 902 1932 prose·
971 1866 976 1877 ·

110 1934 239 2030 stum,
269 1934 333 2037 sed
367 1936 460 2016 haec
492 1933 687 2042 profectio
712 1934 761 2016 ad
783 1945 902 2038 majo·

110 2071 167 2127 tes
195 2049 279 2152 ejus
304 2043 573 2128 remotiffimos
603 2043 804 2128 referenda
822 2043 900 2125 stt:

110 2179 199 2236 nam
222 2157 324 2235 inter
343 2156 506 2260 Trojam
528 2176 682 2260 captam
705 2161 743 2234 δι
767 2153 903 2236 Mastr-

109 2263 201 2344 liam
225 2265 427 2347 conditam
448 2263 620 2345 sexcenti
640 2263 719 2344 fere
739 2263 828 2344 anni
842 2266 902 2345 in·

111 2372 286 2466 tersunt,
318 2375 442 2455 itaut
472 2374 585 2480 hujus
616 2374 777 2457 recentis
797 2374 901 2456 urbis

108 2482 304 2591 originem
332 2483 485 2566 facilius
521 2504 651 2567 notare
688 2487 900 2591 potuerint.

111 2591 222 2697 Ergo
251 2596 303 2673 V.
324 2593 376 2677 C.
400 2593 465 2674 hic
493 2615 761 2702 argumentum
791 2592 902 2677 desu-

112 2699 188 2782 mit
213 2725 262 2781 ex
289 2701 370 2798 iis,
400 2730 503 2811 quae
531 2728 731 2811 nunquam
762 2704 903 2810 proba,

108 2815 192 2903 rit,
222 2836 485 2920 necunquam
508 2815 670 2917 probare
688 2810 900 2920 potuiiiet3

107 2927 147 3005 δι
159 2919 346 3030 supponit
358 2921 482 3015 iilud,
496 2923 640 3027 dequo
655 2921 702 3002 lis
718 2919 785 3001 est.
800 2919 902 3030 Paga

110 3055 173 3140 27.
220 3030 536 3121 convenientiam
577 3033 723 3116 rituum
755 3031 907 3125 Orien·

162 3231 178 3273 ,
471 3137 599 3253 (03)
843 3161 901 3221 1³·
