2002 3554
180 144 252 236 344
401 124 699 203 Hrsa'ort'rn'
749 106 753 113 ’

176 294 299 371 auxilio
323 291 460 367 mifiss'ct
497 292 714 387 Sempronius
751 290 894 366 Poeno}

176 398 300 466 iterum
319 393 474 465 recedere
489 409 637 486 cogunt:
665 392 711 462 ita
727 409 766 461 ut
777 391 889 465 vidio-

177 494 226 565 ria
268 515 368 586 penes
411 492 583 560 Romanos
606 486 669 557 elle
696 488 885 564 videretur.

178 587 264 661 Inde
284 593 348 683 jam
367 586 530 658 exsultans
538 586 756 681 Sempronius
764 588 802 657 ad
814 611 889 661 cerr

178 676 292 760 tamen
320 685 443 756 milites
461 684 564 777 parari
585 683 698 774 jubet,
726 709 769 755 ne
790 687 887 779 quic·

180 808 280 879 quam
301 783 509 854 dissentiente
528 779 691 852 Cornelio
715 796 741 851 ².
794 781 889 854 Cor·

181 881 286 952 nelius
301 884 390 952 enim
407 879 587 975 prudenter
606 879 780 974 reputabat
803 925 813 953 ,
853 879 888 951 &

178 976 320 1051 militem
344 980 488 1050 tironem
517 977 704 1048 exercendo
725 1000 785 1072 per
804 978 889 1074 hye-

180 1101 271 1149 mem
287 1075 461 1147 meliorem
480 1076 653 1160 futurum3
689 1073 726 1145 ὃ(
760 1074 884 1147 Gallos

182 1200 246 1273 pro
263 1173 466 1271 insurgenti
485 1174 620 1244 levitate
638 1171 741 1243 rursus
759 1195 779 1241 a
798 1174 889 1245 Poe·

181 1275 231 1345 nis
251 1270 455 1343 defeeturos:
483 1271 681 1367 &denique
699 1268 747 1352 se,
776 1271 835 1341 ubi
846 1294 889 1342 ex

185 1370 322 1443 vulnere
350 1369 587 1457 convaluillet,
621 1368 736 1439 utilem
762 1369 891 1461 patriae

185 1494 322 1564 operam
349 1491 466 1539 navare
491 1467 581 1563 poss'e
604 1465 770 1563 sperabat:
814 1489 891 1537 eae·

184 1568 329 1659 demque
351 1566 474 1638 caussae
497 1564 685 1652 faciebant,
719 1582 758 1634 ut
785 1564 893 1636 etiam

182 1662 356 1736 Hannibal
391 1664 638 1759 quamprimum
673 1661 744 1731 acie
768 1658 892 1731 decer-

183 1779 253 1830 tare
269 1781 411 1855 optaret.
455 1758 546 1829 Cum
566 1785 649 1857 ergo
664 1756 893 1856 speculatores

183 1856 297 1941 Galli,
321 1859 377 1951 qui
396 1858 536 1928 tutiores
552 1878 665 1943 erant,
690 1853 779 1952 quud
798 1856 890 1926 inu·

185 1946 307 2050 tril'quc
324 1954 435 2026 castris
451 1979 492 2025 ex
516 1982 552 2025 ca
572 1974 673 2054 gente
689 1952 891 2051 militabant,

184 2075 315 2147 paratos
343 2078 473 2150 pugnae
497 2053 560 2123 elle
593 2056 769 2125 Romanos
796 2076 887 2122 nun·

184 2152 337 2236 ciuilem,
364 2154 475 2222 locum
493 2151 615 2221 infidiis
633 2147 893 2244 circumlpedla·

184 2271 221 2318 re
248 2250 377 2320 Poenus
393 2251 529 2345 coepit,
556 2249 613 2319 ubi
634 2249 769 2320 fratrem
786 2246 886 2317 suum
913 2320 918 2326 ,

183 2352 359 2443 Magonem
378 2372 455 2416 cum
480 2348 571 2417 mille
591 2345 779 2439 equitibur,
806 2346 891 2416 toti·

185 2444 337 2537 demque
359 2442 523 2537 peditibus
546 2443 715 2515 considere
729 2441 829 2534 jubet
857 2440 885 2511 b.

68 2614 72 2620 ,
182 2539 268 2609 Inde
291 2539 332 2609 ad
361 2542 511 2634 corporis
527 2566 640 2612 curam
658 2539 891 2633 &prandium

182 2636 270 2727 julia
288 2637 485 2709 Hannibalis
502 2639 649 2710 converfi
662 2637 753 2708 sunt:
782 2639 841 2732 qui
851 2661 892 2706 o-

183 2732 273 2805 leum
301 2736 399 2805 etiarn
423 2760 482 2832 per
504 2719 689 2833 manipblos
714 2732 825 2819 mim,
850 2752 889 2802 ut

187 2830 319 2929 ignibus
336 2856 413 2906 ante
433 2838 576 2908 tentoria
593 2835 784 2908 fatlisartus
795 2828 881 2902 mol·

784 2929 884 3001 litent

220 3087 236 3126 a
255 3072 315 3128 [ἰν.
333 3073 397 3129 ibid.
418 3091 491 3148 t.53.
511 3073 600 3148 Polyb.
620 3074 683 3137 ibid.
700 3087 777 3144 ΜΟ.
851 3149 853 3154 Ι

6 3160 148 3319 Ὗ
213 3141 311 3209 baia
332 3149 397 3232 uia
416 3169 488 3226 asa·
509 3152 567 3227 frt-
