2002 3554
328 159 761 252 Pronnoonnni

154 293 293 384 'talium
313 320 404 380 cum
436 296 541 395 illis,
569 298 642 409 qui
671 295 778 410 apud
802 294 955 383 Roma:

155 437 229 494 nos
251 405 527 502 obtinueront,
551 410 669 516 jaerat
701 407 844 517 absque
870 407 954 489 'ullo

158 539 288 604 tannen
308 541 566 627 conatu,quo
585 519 693 601 istam
715 519 953 601 convenien-

157 630 252 709 tiam
272 631 434 737 probet,
462 654 551 710 cum
580 657 656 738 ego
691 652 826 713 contra
853 653 956 737 quo-

159 739 219 823 vis
238 741 399 846 pignore
432 736 559 845 pofito
585 739 815 820 contendere
835 735 955 819 aufim

160 847 331 932 Romuli
357 847 532 929 instituta
564 848 697 928 melius
727 874 815 930 curn
847 845 956 928 insti·

160 959 257 1040 tutis
293 957 551 1046 Graecorum,
583 959 645 1038 vel
667 961 928 1066 Trojanorum
943 1013 957 1052 ,

160 1092 282 1177 quam
303 1093 393 1148 cunr
416 1066 690 1162 Hebraeorum,
711 1087 777 1147 aut
794 1066 957 1150 Phoeni·

163 1203 247 1262 cum
271 1179 441 1261 moribus
454 1174 676 1260 conveniffe
695 1176 956 1286 (quodetiam

161 1288 296 1373 multis
318 1291 456 1398 probat
481 1289 599 1366 Dion.
622 1288 716 1367 Hal.
738 1289 786 1369 L.
815 1312 956 1368 v11.c.

166 1403 369 1510 7o„Mn)
428 1397 628 1480 Utemm
671 1398 743 1479 nn
779 1401 957 1492 mnam,

162 1533 267 1616 quae
287 1508 399 1587 habet
417 1523 509 1615 pag.
536 1532 599 1611 31.
620 1503 673 1613 ,de
690 1506 814 1617 Jovis
842 1507 958 1587 variis

161 1615 459 1723 cognominibus
491 1615 672 1725 (quibus
704 1619 753 1696 de
778 1617 844 1698 suo
867 1644 959 1726 pro.

162 1726 255 1833 prio
274 1749 376 1833 penu
395 1726 540 1807 liberali
566 1752 679 1807 manu
707 1727 781 1811 Vir
795 1727 862 1807 Cr.
888 1726 959 1808 ad-

164 1833 227 1914 dit
250 1832 386 1938 Jovem
407 1835 587 1933 confirm,
615 1862 703 1918 cum
732 1835 887 1919 Consus
914 1865 959 1919 u·

168 1942 318 2024 nanimi
339 1943 419 2026 fere
439 1964 612 2029 veterum
633 1949 671 2051 δι
703 1947 960 2028 recentiorum

164 2052 350 2136 sententia
385 2043 586 2165 Neptunus
605 2046 697 2137 ¹effe
727 2055 957 2156 censeatnr3

165 2165 233 2245 fed
265 2165 342 2246 hoc
369 2186 545 2260 tantum,
576 2187 621 2247 ut
651 2165 736 2246 suae
760 2166 960 2275 conjeeiu·

166 2300 229 2354 rae
259 2271 406 2384 faveat)
427 2303 530 2384 quae
549 2276 597 2353 ab
620 2275 806 2356 Hebraeis
828 2297 958 2357 traxe·

165 2380 245 2463 rint
265 2386 463 2477 Romani,
495 2383 635 2465 frivola
662 2382 769 2464 sunt:
800 2411 888 2465 nam
918 2392 960 2466 &

164 2494 272 2598 apud
291 2493 408 2589 alias,
436 2518 556 2600 puto,
582 2516 737 2601 gentes,
767 2519 865 2602 quas
885 2496 960 2576 mi-

167 2627 239 2684 nus
261 2605 466 2694 novimus,
498 2602 590 2693 Dii,
618 2601 832 2710 praesertim
855 2632 959 2711 quos

166 2711 363 2818 supremos
386 2711 624 2807 statuebant,
653 2712 811 2796 diverfis
830 2718 959 2817 norni-

166 2821 281 2929 nibos
331 2823 517 2929 appellari
563 2821 751 2904 sueruntz
779 2825 817 2904 &
854 2825 959 2931 apud

165 2924 336 3013 Graecos
364 2951 485 3020 certe,
517 2950 559 3013 ut
578 2931 627 3010 de
645 2959 725 3015 uno
737 2930 843 3040 Jove
870 2956 960 3015 ran-

163 3038 514 3149 romsloqnamur,
541 3061 643 3153 quot
668 3068 748 3126 non
785 3040 853 3124 iile
889 3061 959 3125 co-

55 3188 225 3344 nr
385 3230 402 3257 χ,
854 3178 955 3265 gno·
