2002 3554
149 108 301 186 Renum
324 110 487 189 nonan.
513 109 655 188 Luall.
709 139 756 214 77

61 272 657 373 toTarquinioImperatoreadscito.
685 275 758 349 Eo·

61 371 142 448 dem
161 394 273 450 tamen
293 392 380 440 anno
395 392 439 441 ex
454 368 531 465 ipsas
548 375 673 447 Sabinis
695 375 755 447 ali·

61 492 226 566 quantum
250 467 369 538 virium
392 466 559 541 Romanis
578 468 754 557 acceffit'u

60 570 155 663 quod
170 567 235 666 ¹Vir
247 564 333 637 inter
353 587 411 636 eos
427 564 669 660 potentiffimus
687 577 759 638 At-

61 685 98 737 ra
119 668 257 758 Clausus,
283 662 359 764 quia
375 659 463 760 pacis
476 661 592 736 audior
609 663 672 738 suia
683 674 757 738 'erat

61 759 237 860 sapenos,
264 785 342 839 curn
366 782 486 854 magna
501 761 661 836 clientum
682 788 755 836 ma·

59 883 107 932 nu
123 860 163 934 ab
180 861 295 959 Regillo
309 856 390 932 urbe
404 858 548 936 Romam
567 862 753 960 transfuge-

59 977 122 1030 ret.
171 959 305 1034 Romae
330 959 436 1055 Appio
459 957 587 1027 Claudio
608 955 670 1054 ipsa
692 982 753 1030 no·

37 1123 40 1128 .
59 1077 141 1126 men
159 1052 252 1126 fuit:
284 1051 445 1123 aestatim
469 1052 556 1124 inter
571 1074 680 1147 patres
706 1054 755 1127 le-

60 1147 136 1222 dius
163 1143 378 1221 nobiliffimae
401 1149 495 1242 genti
522 1149 667 1220 Claudiae
684 1176 703 1224 a
722 1149 754 1224 se

59 1248 229 1346 originem
244 1243 347 1323 dedit.
379 1244 531 1316 Romani
547 1265 657 1319 autem
674 1271 766 1319 con-⁷

58 1344 133 1418 filio
152 1343 299 1418 hostium
315 1337 418 1414 castra
442 1341 593 1437 Romana
607 1343 757 1432 adorien-

60 1441 97 1513 di
109 1466 152 1516 ex
166 1438 335 1538 transfuga
343 1438 504 1537 cognito,
527 1441 575 1514 ‘ita
587 1465 644 1515 eos
658 1464 758 1514 exce·

59 1560 200 1636 petunt,
225 1557 263 1611 ut
282 1538 426 1614 niaxima
442 1536 534 1610 clade
548 1561 684 1638 accepta
700 1563 757 1613 rc·

59 1635 217 1710 cederent
227 1668 240 1723 3
261 1633 451 1708 &Fidenae
463 1635 536 1734 post
552 1637 676 1735 aliquot
685 1636 757 1710 die-

55 1758 134 1807 rum
174 1733 461 1831 oppugnationem
500 1737 755 1829 reciperentura
785 1791 787 1795 a

58 1830 118 1904 ubi
133 1831 169 1903 in
176 1853 298 1928 paucos
313 1826 506 1903 defedionis
524 1832 670 1906 audtores
679 1858 757 1906 mo·

56 1953 95 2001 re
142 1928 302 2002 Romano
346 1927 605 2001 animadversum
641 1930 689 2001 est
712 1940 756 1999 b.
818 1998 820 2002 ,

59 2025 165 2098 Anno
189 2027 311 2098 iterum
333 2046 409 2117 250.
457 2023 568 2095 Sabini
592 2025 697 2098 subita
722 2025 760 2095 in

32 2176 39 2192 .
57 2145 178 2221 agrum
202 2121 398 2194 Romanum
420 2117 627 2213 impreffione
642 2123 762 2216 ingen·

57 2241 131 2296 tem
149 2218 364 2293 ‘rusticorum
400 2238 469 2286 non
502 2231 660 2304 tantum,
705 2215 767 2288 sedi

56 2313 160 2395 etiam
177 2316 304 2389 civium
322 2318 356 2385 in
365 2311 460 2386 Urbe
474 2309 668 2410 degentium
684 2336 759 2387 cae·

48 2419 140 2491 'dem
150 2412 346 2497 ediderunt3
370 2435 448 2483 cum
463 2411 648 2486 Postumius
662 2411 758 2486 Con*
813 2440 816 2444 ·
908 2426 918 2432 ··

60 2514 109 2588 sul
126 2508 366 2607 imprudentius
383 2511 482 2582 ineos
496 2511 664 2605 erupiss'et.
691 2511 757 2584 Sed

62 2609 191 2686 cladem
211 2607 296 2685 hanc
312 2606 544 2706 &superbiam
559 2607 758 2688 Sabinorum

57 2705 142 2783 inde
160 2723 264 2778 ortam
291 2707 392 2777 ulturi
416 2701 576 2779 Consules
598 2703 757 2786 omnibus
827 2715 830 2721 '

58 2804 186 2888 viribus
212 2800 358 2875 concurs
380 2797 533 2873 'maxima
561 2823 619 2872 eos
649 2799 767 2964 stragfe'·

708 2917 726 2964 a
741 2930 757 2951 ι

92 3055 113 3113 ‘t'
139 3051 209 3208 Lia3
225 3059 257 3139 z,
274 3012 319 3134 Ιζ.
342 3049 426 3132 §.155
474 3002 517 3106 ’Β
539 3039 616 3125 uita.
637 3037 700 3106 liat.
718 3037 756 3102 ab·

130 3147 152 3192 o.
174 3145 221 3203 4.
