2002 3554
208 158 280 246 ³98
408 151 721 229 Histania

215 331 371 404 vertunt,
392 320 573 410 veniamque
587 319 684 386 errari
698 314 840 398 humeae,
860 339 916 384 ve·

215 421 302 486 niem
334 415 556 505 adolescentiae
587 413 680 485 Fabii
717 411 915 509 exposcunt.

199 493 377 609 ‘Cumque
395 514 465 609 jam
482 508 753 608 ipse'adolescens
768 557 785 604 ,p
798 514 915 606 pater·

217 632 282 705 que
299 612 374 703 ejus
386 609 425 681 ad
444 631 553 706 genua
563 605 747 680 Distatoris
757 628 918 704 procum·

218 706 333 781 bentes
347 704 417 801 ejus
433 707 515 778 iram
531 704 809 798 deprecarentur,
840 722 918 775 tan-

218 804 296 879 dem
316 803 484 900 Papirius,
501 808 536 894 se
551 801 692 875 Fabium
705 806 812 901 papale
830 806 919 870 Rene.

176 976 179 983 ,
217 900 456 995 tribuniaeque
467 898 824 998 potestatidenaredixit.
844 896 920 968 Ab·

219 997 330 1071 dicare
344 1017 456 1072 tamen
471 996 503 1069 se
519 997 708 1094 magistratu
716 995 850 1068 coaetus
860 992 920 1065 est.

217 1096 369 1192 Papirius
385 1097 420 1198 in
438 1103 599 1169 Samnium
612 1093 756 1168 reversus
768 1089 919 1165 debella-

220 1215 257 1265 re
279 1217 357 1268 cum
380 1193 583 1274 Samnitibus
601 1193 743 1291 potuiffe
761 1187 920 1263 credeba-

69 1338 72 1343 -
188 1319 190 1324 ·
219 1313 295 1375 tut,
323 1291 384 1365 nist
412 1293 506 1367 miles
530 1287 921 1374 deindustriaceffaiiet,

221 1408 260 1461 ut
274 1387 422 1461 laudibus
439 1390 533 1461 ducis
548 1386 799 1461 obtrediaretut.
833 1387 920 1458 Sen-

218 1483 261 1557 sit
284 1487 408 1580 peritus
422 1487 529 1571 Dux,
552 1487 743 1583 summaque
757 1485 921 1556 comitate

215 1581 343 1656 aninaos
371 1583 528 1653 militares
554 1581 695 1655 tranans
721 1585 765 1656 ita
780 1605 837 1652 eos
856 1578 918 1651 fibi

213 1677 428 1763 conciliavit,
461 1695 500 1748 ut
516 1699 633 1772 pacem
650 1699 763 1772 petere
784 1677 917 1750 Samni-

216 1790 265 1841 tes
281 1772 468 1868 co'e'gerint.
496 1773 632 1871 Pighius
651 1775 756 1847 rursus
774 1800 793 1846 a
812 1774 917 1846 Livio

214 1888 563 1963 annumpraeternum
573 1890 686 1963 putat,
712 1874 916 1944 itautetiam

59 1987 207 2059 Δᾶμις),
215 1985 302 2032 anno
318 1966 647 2066 quadringentesimo
657 1970 815 2042 vicesimo
825 1994 918 2041 nono

215 2058 430 2136 Didiaturam
470 2065 715 2140 continuaverit
748 2069 916 2163 Papirius:

117 2223 121 2228 .
173 2234 180 2255 ‚
216 2182 280 2229 nec
320 2160 468 2236 dissentit
509 2165 686 2260 onuphrius
731 2170 918 2255 tenentes,

216 2254 413 2332 austeritate
438 2259 621 2335 tabularum
649 2263 916 2356 Capitolinamm

216 2370 355 2446 uterque
371 2358 522 2428 nitentes.
559 2358 666 2427 Porro
682 2360 847 2432 Samnites
861 2361 917 2430 in·

212 2444 326 2518 ducias
343 2450 505 2523 duntaxat
524 2475 646 2523 annuas
665 2456 842 2551 impetrare
853 2483 914 2554 po·

214 2559 361 2644 suerunt.
411 2547 476 2620 Sed
503 2570 563 2617 nec
585 2572 638 2619 eas
654 2555 791 2646 quidem
808 2553 915 2626 serva·

136 2707 138 2711 ,
212 2658 290 2743 runt
299 2668 310 2722 3
337 2666 454 2716 verum
471 2645 917 2739 Apulisadsocietatembel·

210 2731 232 2801 lt
252 2739 422 2829 pertraiiis
442 2740 649 2816 rebellarunt.
676 2749 787 2845 igitur
795 2747 915 2820 Diua·

212 2846 267 2942 tur
289 2836 396 2913 didius
422 2849 469 2912 A.
490 2848 646 2913 Cornelius
674 2852 804 2916 Arvina
821 2843 913 2913 anci·

212 2932 277 3037 pati
303 2962 343 3009 ac
368 2938 497 3013 difficili
524 2941 651 3034 praelio
676 2943 840 3016 Samnites
855 2941 913 3011 vi-

210 3044 291 3113 0115
325 3034 488 3138 cladisque
511 3037 715 3114 Samnitibus
746 3034 913 3136 potiffima

58 3184 145 3311 .Χ
574 3229 577 3235 ¹
805 3137 913 3212 cauffa
