2002 3554
249 158 323 241 430
463 134 776 209 Hrsrouru

257 297 359 371 Gades
385 294 545 395 perfugit.
578 292 749 367 Mafiniffa
772 292 840 366 hae
869 295 966 371 clade

258 416 432 495 permotus
448 390 964 490 Carthaginiensiumpattesde·

259 494 379 567 seruit:
405 512 506 588 atque
530 492 576 562 ita
592 489 728 562 tandem
747 493 856 565 tertio
871 493 962 567 deci·

260 618 321 666 mo
340 589 415 687 post
429 588 554 661 bellum
568 589 689 661 initum
706 610 815 676 anno,
842 595 963 688 quintu

259 713 371 765 autem
391 686 563 785 postquam
579 685 695 783 Scipio
705 688 960 784 inprovineiarn

260 808 413 872 venerat,
439 787 474 856 in
501 785 660 880 Hispania
681 783 890 860 debellatum
905 785 960 861 est.

262 886 346 960 lade
371 885 488 981 Scipio
513 883 552 954 ad
569 906 685 979 pacem
702 904 780 954 cum
802 885 958 983 Syphace

261 985 508 1075 Masaesylorum
523 981 625 1078 Rege
639 979 839 1055 firmandam
858 986 894 1055 iu
910 984 957 1055 A·

259 1081 377 1153 fricam
396 1078 520 1151 duabus
541 1077 837 1176 quinqueremibus
860 1084 957 1176 traie-

258 1179 317 1251 cit.
367 1178 474 1251 Forte
498 1176 617 1249 eodem
644 1197 827 1272 tempore,
863 1178 902 1252 &
924 1181 958 1251 iu

259 1276 404 1349 eundem
419 1296 558 1373 portum
574 1298 651 1346 cum
666 1273 793 1372 septem
810 1278 956 1349 triremi-

259 1373 323 1448 bus
344 1372 529 1446 Hasdrubal
554 1369 702 1444 invenus
724 1371 799 1444 estr
834 1373 887 1446 sed
903 1394 955 1446 tu·

260 1472 404 1545 muitum
423 1473 457 1543 in
474 1471 568 1570 regio
581 1486 683 1568 ¹portu
700 1471 790 1542 ciere
807 1494 876 1543 non
896 1496 955 1544 au-

258 1572 309 1644 sus
332 1569 372 1642 ad
389 1572 524 1666 Regem
543 1569 664 1666 pergit.
713 1567 835 1664 Ibique
850 1571 954 1667 (quia

258 1669 305 1739 ita
329 1667 425 1740 cordi
448 1688 517 1739 erat
530 1667 649 1762 Regi)
673 1665 845 1738 iaeodem
864 1665 956 1739 Ιεᾶσ

255 1764 373 1858 Scipio
415 1784 515 1859 atque
564 1762 748 1836 Hasdrubal
787 1762 954 1834 accubue-

256 1880 336 1933 runt
363 1877 391 1933 2.
430 1861 546 1958 Scipio
568 1861 700 1933 foedere
719 1884 795 1932 cum
818 1861 953 1959 Sypha·

257 1982 297 2029 ce
313 1956 390 2046 ,tuo
416 1959 470 2030 die
483 1980 601 2055 quarto
620 1959 862 2056 Carthaginem
878 1962 955 2032 Noa

256 2080 332 2131 vam
355 2057 498 2130 reverius
513 2057 561 2128 est
577 2086 585 2129 :
612 2077 711 2152 atque
727 2063 886 2155 illiturgin
901 2083 953 2131 ut·

255 2154 358 2244 bem,
382 2181 467 2252 quae
482 2153 557 2252 post
570 2153 677 2228 caesos
691 2156 889 2253 Scipiones,
905 2159 952 2228 in·

257 2253 404 2327 tersenis
427 2256 525 2326 etiam
547 2252 724 2350 perfugis,
756 2253 797 2325 ad
824 2255 951 2327 Poenos

256 2350 447 2436 defecerat,
482 2351 561 2424 iicet
577 2350 707 2436 fortiter
720 2352 751 2424 se
772 2352 948 2426 defenden-

256 2447 950 2644 neustrianis?tanis.

254 2662 295 2711 ro
318 2641 508 2738 proditione
532 2648 659 2744 potitus
682 2649 797 2722 mitius
812 2646 952 2721 vibioria

254 2737 327 2811 usus
343 2737 400 2811 est.
438 2742 527 2815 Alias
543 2744 620 2816 inde
637 2744 733 2817 urbes
748 2769 808 2840 per
823 2748 952 2845 legatos

250 2837 289 2909 in
319 2836 528 2913 deditionem
549 2843 683 2939 accipit.
728 2843 795 2917 Sed
816 2846 951 2942 Astapae

245 2935 368 3029 cives,
401 2939 584 3037 praecipuo
607 2941 643 3012 in
668 2941 844 3017 Romanos
866 2941 949 3013 odio

750 3039 754 3043 ’
882 3039 951 3116 eia-

58 3140 177 3312 k
284 3146 387 3235 aliut
404 3148 472 3235 ibib
484 3151 564 3234 ruta,
590 3153 613 3234 b
631 3154 695 3223 did.
708 3171 808 3245 aaa„
