2002 3554
156 148 235 240 604
383 136 700 213 Hismara·
781 207 784 213 .

160 302 230 377 mul
245 300 346 372 etiam
361 295 457 370 bonis
474 295 668 372 auctoribus
685 323 770 373 cum
783 297 865 396 judi·

158 401 214 469 cio
231 397 268 470 δε
284 395 404 468 affidue
420 395 568 493 legendis
585 398 747 471 animum
767 421 866 470 exeo·

158 496 315 580 luerunt)
343 494 501 589 attulerit.
552 495 603 565 At
627 497 779 568 nimium
805 501 867 586 jam

159 617 221 665 nos
235 588 383 664 discussio
399 594 445 663 rei
462 615 531 663 nan
549 593 696 665 maximi
715 594 758 666 ad
770 592 867 686 hillo·

160 691 229 765 tiae
243 690 475 787 cognitionem
492 692 660 762 momenti
670 692 805 764 tenuit:
830 688 866 762 ad

163 789 279 861 seriem
303 808 414 858 rerum
430 807 648 863 revertamur.
684 786 864 860 Laetitiam

165 884 330 980 triumphi
370 882 513 956 turbavit
552 883 663 957 clades
685 882 862 957 domestica

165 981 398 1077 Imperatoris:
423 1004 498 1052 nam
514 979 597 1053 duos
613 980 747 1072 efiliis,
774 1005 863 1078 quot,

167 1077 299 1159 duobus
314 1077 687 1174 inadoptionemdatis,
714 1079 862 1152 solosno‹

167 1177 289 1264 minis,
322 1174 520 1262 sacrorum,
555 1173 772 1273 familiaeque
790 1177 862 1248 hae·

166 1272 259 1346 redes
282 1275 461 1349 retinuerat
482 1273 604 1358 domi,
636 1275 753 1346 minor
767 1274 863 1346 ferme

168 1369 347 1442 duodecim
376 1395 477 1445 annos
503 1390 597 1445 natus
621 1373 773 1469 quinque
795 1370 860 1441 die·

170 1466 235 1541 bus
248 1469 564 1565 antetriumplrum3
590 1470 701 1561 maiar
710 1490 862 1566 quatuor·

170 1565 281 1638 decim
308 1588 473 1639 annorum
510 1564 623 1640 triduo
649 1565 725 1663 post
749 1567 865 1638 trium·

172 1664 279 1757 phum
296 1662 440 1736 deceffit.
490 1663 673 1738 Moderate
689 1661 860 1734 orbitatem

167 1761 258 1830 suam
279 1759 355 1830 tulit
376 1760 527 1844 Paullus,
552 1761 766 1834 &concione
782 1781 853 1826 mo·

168 1878 205 1929 re
223 1856 387 1951 majorum
404 1855 445 1927 de
459 1857 556 1929 rebus
573 1852 856 1956 suisgestisadl’o·

170 1952 290 2050 pulum
317 1951 428 2024 habita
454 1955 625 2028 arcuatus
651 1955 725 2040 est,
773 2000 798 2038 „
815 1952 862 2039 le,

169 2103 196 2140 ‚,
221 2075 324 2146 quum
351 2049 534 2123 summa&
558 2053 648 2149 quast
675 2053 776 2124 nimia
791 2074 864 2146 qua·

172 2199 197 2238 „
221 2150 295 2220 dam
319 2149 477 2220 felicitate
503 2147 864 2245 Rempublicambello

168 2295 194 2334 ‚‚
219 2249 374 2341 proximo
397 2266 548 2342 gereret,
582 2246 618 2317 &
648 2250 864 2319 mutationem

173 2393 198 2433 ,‚
224 2343 312 2415 forte
327 2366 435 2414 rerum
453 2363 637 2429 metueret,
664 2346 810 2443 optalle,
833 2363 867 2415 ut

175 2494 201 2528 ,‚
227 2440 535 2536 privatapotiussua
544 2440 759 2530 calamitate,
775 2466 866 2539 quam

174 2588 198 2625 ‚.
223 2539 355 2632 publica
372 2538 437 2609 hoc
462 2558 553 2610 metu
573 2538 827 2637 defungeretur.
849 2542 867 2578 ’'

177 2632 318 2705 Veteres
340 2637 450 2721 enim,
479 2639 560 2704 Deos
575 2639 701 2704 invidos
718 2654 767 2708 (r
786 2642 870 2707 mali·

169 2756 245 2828 gnos
267 2737 318 2822 ‘ffi'
350 2752 534 2827 putaruut5
566 2760 695 2826 eamque
719 2738 873 2805 invidiam

169 2835 348 2926 praesertim
363 2835 397 2899 in
413 2831 594 2930 eripiendis,
619 2857 695 2927 quae
703 2842 813 2928 cuique
822 2860 873 2903 ca·

762 2931 877 3024 riffima

218 3082 240 3124 a
254 3063 317 3124 Liu.
331 3073 445 3123 Lm.
459 3082 538 3133 aar.
558 3065 612 3124 Vid.
629 3080 662 3128 (a
679 3067 822 3133 Plutarch.
839 3075 877 3142 Ag

6 3104 154 3303 ἲ
188 3141 298 3231 ptpbtlt.
315 3139 456 3223 utrumq&
472 3145 539 3212 Alit
557 3138 605 3199 at.
617 3161 669 3199 trat
680 3162 713 3200 tt.
732 3153 820 3213 ΗΧ,
