2048 3526
271 157 814 254 PRAEFATIO.

98 320 244 393 munere
261 305 382 389 uelint
394 294 417 396 ,’
435 303 493 398 ito
513 313 557 384 ut
577 324 653 383 nun
677 314 791 411 opera
809 293 959 409 institn-

102 439 138 525 n·
154 436 229 527 mei
248 435 419 530 rationes
438 435 625 548 explicem.

157 564 255 649 Cum
282 563 454 672 uidentem
484 567 641 652 irenem
680 564 964 678 explicationem

101 719 223 782 meam
246 700 396 781 rituum
419 754 430 794 ,
460 698 731 813 quiquoniam
764 695 864 810 apul
884 696 966 779 Po·

99 829 233 942 pulum
255 829 463 913 Romanum
482 829 724 914 obtinuerunt
744 883 758 927 ,
794 826 971 941 propensa

40 960 42 965 ’
104 963 314 1047 animorum
339 962 582 1048 inclinatione
616 959 738 1076 fniffe
767 977 968 1075 receptam,

105 1093 165 1178 ita
183 1111 227 1181 ul
250 1098 342 1210 jam
369 1099 484 1180 tertio
525 1093 673 1185 inlitae
708 1095 801 1180 urbe
824 1090 974 1208 opuseu-

109 1220 189 1304 lum
226 1219 331 1305 iliud
362 1221 506 1309 elitnm
533 1225 591 1336 stt
607 1223 695 1328 (ut
736 1222 779 1308 ele
817 1222 977 1309 editione

110 1353 194 1467 ep‘us
218 1357 258 1436 iu
268 1357 480 1438 Germania
489 1357 605 1463 fiilio
616 1353 792 1463 stream)
821 1353 974 1438 animm

112 1487 228 1569 etiam
249 1487 341 1570 milri
367 1485 520 1570 additus
538 1486 586 1593 est
609 1483 776 1570 alterum
794 1500 882 1594 opus
893 1541 906 1584 ,
936 1482 978 1574 li

51 1678 55 1690 .
114 1611 290 1727 longioris
322 1624 562 1729 argumenti,
592 1620 633 1711 ὅ
666 1619 899 1728 componendi
922 1619 978 1700 la·

117 1745 208 1835 bore
244 1756 371 1839 *multo
421 1754 612 1866 offellus
649 1755 807 1872 aggredi
819 1760 850 1852 ,·'
866 1755 980 1871 ipfinr

119 1902 250 1997 nempe
268 1886 464 1997 Historiae
483 1890 676 1973 Romanae
691 1892 983 1974 enarrationem.

13 2129 15 2134 Ι
121 2019 233 2123 Nam
270 2051 340 2109 non
359 2018 670 2140 'Antiquitatum
708 2041 861 2108 tautum
880 2081 894 2122 ‚
913 2023 985 2132 fel

51 2242 54 2248 .
124 2159 245 2242 etiam
273 2159 532 2271 Historiarum
570 2158 764 2271 Principis
802 2153 989 2266 quondam

131 2293 276 2407 Populi
279 2291 442 2407 scientio
462 2293 646 2408 quaedam
665 2292 812 2401 requiri
834 2284 990 2370 vileba-

130 2441 232 2523 tur,
260 2444 304 2509 ut
333 2427 385 2509 ris
413 2426 558 2510 animus
588 2425 662 2508 rite
682 2434 992 2530 praepararetur

132 2559 186 2647 ad
209 2561 353 2667 striom
393 2560 583 2645 leliionem
613 2555 851 2665 Sceptrorum
888 2568 995 2634 vete.

129 2721 220 2785 rum
231 2750 244 2793 ,
261 2693 351 2802 five
370 2694 433 2780 ill
417 2726 432 2779 e
445 2697 541 2781 Lot'
508 2693 749 2808 lunisonem,
766 2696 856 2801 stur
866 2693 995 2777 Grae

131 2831 188 2924 ci,
219 2832 368 2943 quires
399 2834 595 2919 Romanos
623 2829 853 2916 troliaudos
871 2823 995 2939 srofie·

129 2985 301 3083 perum,
329 2970 404 3055 nel
436 2972 554 3105 etiam
588 2965 697 3085 quest
677 2983 843 3084 opraet
827 2963 999 3054 terieutes

940 3116 1002 3176 eo·
