2002 3554
258 128 339 234 aa}¹
443 120 752 206 nassonia

257 294 350 394 cquis
364 289 478 365 eadem
491 288 592 364 nocie
601 273 745 388 profecii
761 290 868 389 regias
882 292 972 389 quia.

255 394 335 466 dem
358 414 458 495 nurus
473 389 554 462 luxu
575 391 803 488 conviviisque
826 409 961 487 tempus

197 520 200 527 ⁷
253 509 398 564 terentes
421 491 643 560 invenerunt:
677 494 853 559 Lucretiam
876 512 960 560 vcro

258 591 421 686 Tarquinii
436 591 583 656 Collatini
608 598 695 673 (erat
713 586 770 658 hic
783 591 893 682 Egerii
914 586 963 659 fi«.

255 687 319 760 lius
344 686 481 757 Aruntis
507 705 613 778 nepos
629 700 662 768 a,
696 684 754 780 qui
777 683 958 778 Tarquinii

254 785 357 857 frater
380 780 512 867 fuerat)
545 804 686 853 uxorem
710 782 798 853 inter
816 780 958 854 ancillas

254 881 468 954 lucubrantes
497 879 588 950 lanae
610 876 755 950 deditam
770 889 806 952 b.
855 879 955 950 Hinc

255 979 377 1054 Sextus
391 978 594 1072 Tarquinius
610 976 690 1046 odio
704 1000 747 1048 ex
758 970 960 1048 invidiaoro.

253 1096 293 1149 to
309 1073 455 1147 incensus
468 1073 570 1146 inscio
585 1071 756 1146 Collatino
772 1072 953 1147 Collatiam

255 1174 339 1264 (hic
356 1172 525 1246 habitabat
540 1170 619 1246 curn
635 1173 754 1243 marito
768 1170 963 1258 Lucretia)-

254 1275 370 1356 venit,
403 1271 441 1343 bc
464 1270 610 1368 benigne
627 1268 771 1366 hospitio
791 1288 954 1366 exceptus
996 1302 997 1305 ¹

253 1369 358 1442 noctu
377 1369 521 1466 pervim
546 1391 618 1439 eam
640 1367 753 1438 violat.
804 1365 862 1438 llla
882 1366 952 1461 pri·
982 1391 996 1405 ²

254 1481 315 1540 rno
338 1488 435 1541 mane
459 1480 551 1558 patre
568 1461 605 1533 &
622 1462 695 1535 viro
717 1488 797 1535 cum
816 1463 953 1563 singulis

251 1565 367 1636 amicis
388 1558 537 1633 arceffito
561 1559 661 1632 scelus
683 1580 849 1658 patratum
872 1586 952 1634 nar·

251 1673 323 1733 rat:
351 1658 387 1729 &
403 1684 484 1730 mox
506 1660 645 1750 cultro,
669 1683 767 1756 qucm
785 1657 845 1732 sub
860 1658 950 1753 velie

252 1754 402 1828 abditum
421 1756 584 1843 habebat,
608 1757 639 1828 sc
656 1758 835 1833 interemit.
875 1755 949 1830 Vc·
975 1772 980 1783 '

252 1868 345 1926 necat
362 1868 439 1926 cum
458 1854 650 1941 Collatino,
676 1859 732 1952 qui
754 1858 825 1952 ejus
845 1862 949 1951 acque

252 1971 290 2025 ac
308 1951 449 2050 Superbi
459 1955 562 2052 Regis
577 1952 722 2052 sobrinus
737 1970 823 2038 crat,
849 1957 950 2050 quip-

249 2073 293 2147 pe
324 2050 423 2123 Prisci
450 2051 557 2149 chis
578 2075 622 2122 ex
646 2049 714 2122 filia
739 2075 869 2147 nepos,
903 2058 945 2123 La

246 2149 362 2244 Junius
384 2155 508 2220 Brutus.
564 2149 676 2247 Hujus
705 2168 868 2244 patremc
892 2168 948 2247 ty·

247 2267 367 2318 rannus
391 2247 589 2318 clandestina
613 2266 721 2319 rnortc
754 2244 944 2335 sustuleram

248 2361 285 2413 ut
302 2347 371 2440 ejus
385 2342 504 2438 opibus
522 2344 686 2439 potiretur
705 2368 716 2431 3
749 2343 786 2416 ὃς
801 2366 881 2414 cum
899 2365 943 2414 eo

246 2438 355 2509 filium
372 2458 450 2509 natu
460 2441 657 2530 maximum,
668 2442 702 2511 in
717 2465 785 2537 quo
800 2448 944 2538 generoa

244 2532 295 2605 sus
309 2536 438 2605 animus
452 2536 665 2611 clucesccbat.
716 2539 787 2611 Hic
797 2541 885 2611 'vcro
900 2544 942 2610 L.

244 2637 358 2700 Brutus
380 2631 528 2727 periculo
560 2658 751 2708 commotus
773 2634 942 2731 stuporem

244 2726 472 2818 simulaverat3
497 2733 593 2826 (talia
612 2735 706 2831 cogit
728 2735 874 2830 tyrannis
890 2759 941 2806 ra·

243 2823 343 2914 bida)
369 2846 467 2927 atque
487 2853 525 2902 ea
543 2832 668 2904 ratione
684 2829 813 2903 infidias
837 2832 939 2995 Rchgis

395 2950 397 2953 .
905 2951 939 3000 a.

240 3077 256 3125 a
275 3064 376 3154 Liar
403 3091 423 3130 c,
436 3079 481 3148 34.
503 3073 548 3152 37}
601 3055 622 3139 b
641 3078 720 3145 oaid.
739 3068 805 3158 Μ.
827 3081 858 3141 a.
873 3080 941 3152 tri}

278 3149 388 3204 cDran.
405 3150 467 3211 Hal.
483 3170 527 3216 ιγ.
542 3175 563 3217 c.
574 3155 619 3216 68.
766 3194 784 3209 .,
847 3204 850 3211 .
922 3193 924 3197 ·
