2002 3554
136 135 301 222 Remum
323 140 492 218 Romu.
511 138 650 221 Lmll.
703 158 780 242 ²³7

77 331 218 407 rumque
240 307 344 474 lonlge
367 305 529 404 majorem
554 305 636 379 facit
657 329 781 395 nume·
908 323 913 334 ·

76 430 176 495 rum,
202 427 271 478 non
300 427 358 476 me
371 403 478 500 specie
495 404 653 476 veritatis.
680 408 780 477 Han·

78 528 125 576 no
147 527 227 576 cum
244 501 356 598 paucis
370 499 511 577 navibus
523 503 558 574 in
574 499 724 575 Africam
741 526 779 575 e·
895 549 901 563 ·

75 598 181 699 lapsus
204 598 292 672 haud
320 599 380 671 diu
398 599 473 694 post
492 599 600 673 crucis
615 597 780 770 supplicio

77 717 201 796 poenas
214 695 326 771 dedit:
352 700 410 796 qui
425 723 499 772 mos
513 697 618 774 duces
633 699 667 769 in
683 715 781 770 ottu-
888 767 890 772 ,

77 818 193 885 natos,
218 819 321 894 aeque
334 819 374 869 ac
390 796 620 894 imprudentes
637 795 780 893 punien·
884 848 887 856 ,

76 894 111 967 di
128 893 235 969 hodie
248 895 351 968 etiam
368 894 455 994 apud
471 900 601 982 Turnus,
626 893 781 970 barbara-
799 961 802 970 .

75 992 781 1190 {lllltlllllpzlsslllllnlssffi

76 1172 335 1287 pulosresti'tuit.
360 1189 478 1278 Nam,
502 1189 784 1288 quamquamani·

78 1290 140 1360 mis
182 1287 321 1384 quidem
360 1285 400 1358 ad
432 1287 558 1362 bellum
585 1286 782 1387 >gerendum

77 1383 315 1485 promptiffimi
347 1384 449 1459 client
472 1382 781 1485 Carthaginiensem

77 1485 243 1556 rationem
283 1503 397 1557 tamen
428 1482 608 1559 sustinendi
645 1484 783 1557 ulterius

77 1579 158 1653 belli
182 1581 400 1655 commodam
428 1584 521 1655 inire·
538 1581 664 1656 nullam
680 1600 783 1683 pote·

78 1699 171 1767 rant3
196 1702 262 1753 nec
276 1679 416 1753 ducibus
433 1679 509 1778 ipsu
522 1681 682 1778 amplius,
708 1678 784 1779 qui·

77 1776 139 1850 bus
154 1777 291 1876 quidem
302 1779 569 1878 Rempublicum
578 1780 781 1856 credereau·

55 1875 223 1969 nerent,
253 1902 316 1950 nec
339 1877 501 1951 militibus
514 1877 780 1975 suppetentibus.

67 1974 234 2069 Maxima
244 1977 350 2072 igitur
365 1975 544 2070 diligentia
558 1978 687 2047 nunciis
702 2000 784 2050 cum

80 2073 248 2144 mandatis
270 2070 310 2142 ad
330 2072 559 2144 Hamilcarem
574 2071 676 2144 miffin
695 2071 784 2143 sum·

82 2195 172 2282 mam
183 2192 297 2241 rerum
307 2166 407 2281 ipfius
415 2167 554 2279 arbitrio
562 2170 783 2263 permittunt:

16 2410 20 2421 .
82 2263 787 2449 fllzlllzllulllllln?&tt

83 2488 183 2558 quam
200 2463 309 2534 omnis
320 2464 463 2536 omnino
478 2461 549 2562 spes
562 2485 613 2536 res
623 2387 714 2558 lap?

85 2559 244 2635 stituendi
268 2559 469 2650 decolellet,
501 2561 628 2659 legatos
652 2559 696 2633 de
711 2558 788 2634 foe·

86 2661 166 2732 dere
190 2683 230 2734 ec
269 2682 352 2758 poce
386 2660 428 2732 ad
459 2658 643 2735 Consulem
666 2660 787 2731 mittit.

87 2757 170 2831 Nec
187 2756 355 2842 Lutatio,
387 2758 446 2854 qui
465 2759 552 2831 vires
572 2754 694 2850 Populi
711 2755 789 2827 Ro-

87 2857 175 2929 mani
192 2854 261 2928 hoc
274 2853 366 2927 bello
379 2853 516 2926 detritas
542 2851 789 2950 probesciret,

87 2948 788 3151 lunellulutmm

139 3142 142 3147 ‘
244 3111 259 3153 ’
407 3149 501 3255 T5
650 3167 655 3259 2
703 3146 806 3227 uete-

690 2485 784 2536 aste·
