2002 3554
93 2671 184 2731 sicilia.

240 192 322 290 '374²
463 132 764 262 Hieram
883 162 893 177 ²

245 368 349 438 tates,
376 363 414 420 ut
441 345 554 444 plebes
577 346 619 427 ab
644 341 867 444 optimatibus
888 346 956 425 dis·-

245 446 407 520 sentiret:
441 445 579 518 Senatus
602 443 771 519 Romanis
796 442 949 523 favetet:

247 542 341 642 plebs
355 542 395 614 ad
405 544 530 615 Poenos
547 563 617 612 rem
627 542 783 614 traheret.
804 541 839 630 β)
867 542 950 630 Hic,

249 665 330 713 cum
347 639 424 712 inde
440 663 558 737 agrum
579 638 779 711 Samnitium
806 639 900 712 ferro
916 641 964 728 δί,

250 740 333 832 igne
346 737 516 827 vallaret,
539 733 558 791 b
578 735 741 808 Samnites
759 737 791 808 le
817 758 890 810 atos
912 736 950 811 ad

250 833 476 908 Hannibalem
502 831 676 905 miserunt:
702 834 760 929 qui
781 760 948 930 {procul

251 932 293 1005 ab
307 934 346 1023 iis
373 933 617 1005 summoturum
634 929 762 1002 hostem
781 932 951 1029 pollicitus

250 1030 416 1101 continuo
450 1029 581 1102 Nolam
612 1048 870 1126 oppugnaturus
894 1028 950 1103 ab·

251 1123 376 1199 sceffit:
402 1126 438 1198 &
455 1124 561 1198 villus
583 1152 601 1198 a
626 1125 793 1197 Marcello
812 1127 953 1224 Apuliae

252 1221 391 1297 hiberna
415 1227 547 1321 penite
570 1246 583 1304 τ,
605 1242 685 1296 cum
707 1225 808 1295 etiam
828 1225 953 1322 equites

253 1323 322 1419 ejus
346 1322 439 1394 mille
470 1322 603 1393 ducenti
636 1320 845 1418 septuaginta
885 1321 950 1393 duo

251 1417 340 1489 milli
371 1419 542 1491 Numidae
573 1417 780 1515 Hispanique
813 1418 855 1490 ad
877 1420 952 1502 Ro·

252 1541 368 1588 manos
392 1514 662 1613 transfugissent3
700 1539 846 1611 quorum
872 1515 952 1589 sorti

253 1611 413 1707 fidelique
437 1637 538 1709 opera
568 1615 602 1683 in
619 1636 661 1684 eo
677 1611 769 1683 bello
792 1614 886 1712 saepe
903 1610 950 1685 ufi

251 1709 326 1781 sunt
341 1712 499 1781 Romani.
540 1710 641 1807 Apud
662 1710 838 1782 Romanos
851 1711 952 1784 etiam

252 1808 364 1902 quieta
380 1805 457 1876 inde
466 1806 580 1879 stativa
595 1807 728 1880 suerunt
749 1807 787 1893 d;
813 1807 850 1877 &
864 1831 951 1878 nun·

252 1906 296 1973 cii
318 1904 467 1974 Romam
495 1904 583 1976 allati
598 1906 640 1976 de
661 1908 797 2003 gemina
814 1907 950 2003 Scipio·

255 2026 335 2072 num
359 2003 392 2073 in
421 2001 580 2098 Hispania
606 2002 772 2089 vieloria,
806 2028 870 2098 qua
895 2001 950 2074 ad‹

254 2099 361 2171 versus
379 2122 445 2172 tres
458 2103 628 2172 exercitus
648 2101 798 2173 hostium
815 2099 949 2197 prospe-

254 2221 290 2267 re
305 2218 548 2294 pugnaverant,
569 2195 699 2268 Urbem
713 2199 949 2269 exhilaratum:

252 2295 440 2388 praesertim
460 2320 539 2365 cum
559 2296 603 2365 ita
620 2319 734 2366 omnes
749 2293 948 2389 fereHispa·

253 2392 326 2499 niae
365 2391 482 2488 populi
527 2391 567 2461 ad
604 2393 780 2464 Romanos
821 2392 948 2477 defece·

252 2507 330 2558 rant.

96 2596 228 2665 §.annes
301 2601 329 2664 s.
356 2582 500 2657 XXIV.
537 2582 576 2656 ln
607 2587 747 2674 Sicilia,
779 2612 865 2686 quae
883 2587 951 2659 hoc

254 2690 407 2778 tempore
424 2683 510 2753 inter
526 2683 700 2756 Romanos
717 2686 787 2756 fere
804 2686 839 2758 δί
855 2687 950 2783 Syra·

149 2772 152 2785 '
248 2778 385 2852 cusanus
413 2780 513 2851 divisa
539 2778 625 2852 etat,
653 2782 782 2854 obierat
809 2786 946 2856 intenm

56 3126 211 3320 Ἷ
244 3197 327 3282 ’6.46,
368 3191 536 3269 (libeni.
571 3195 843 3258 eiamxxiv-ma.
913 3204 917 3211 ·

252 2877 383 2971 Hiero,
407 2874 513 2949 fidelis
527 2878 759 2952 Romanorum
775 2882 900 2970 amicus
919 2894 947 2964 θ,

259 3006 265 3018 ·
896 2999 950 3050 re·

259 3118 266 3139 ·
285 3131 303 3175 a
322 3115 529 3180 taxatum.
543 3118 580 3175 u
601 3110 774 3178 tamus.
787 3137 834 3190 41·
876 3117 947 3189 cib.
