<?xml version="1.0" encoding="UTF-8"?>
<!DOCTYPE html PUBLIC "-//W3C//DTD XHTML 1.0 Transitional//EN"
    "http://www.w3.org/TR/xhtml1/DTD/xhtml1-transitional.dtd">
<html xmlns="http://www.w3.org/1999/xhtml" xml:lang="en" lang="en">
 <head>
  <title>
</title>
<meta http-equiv="Content-Type" content="text/html;charset=utf-8" />
  <meta name='ocr-system' content='tesseract 3.04.00' />
  <meta name='ocr-capabilities' content='ocr_page ocr_carea ocr_par ocr_line ocrx_word'/>
</head>
<body>
  <div class='ocr_page' id='page_1' title='image "./historiareipubl00nieugoog/historiareipubl00nieugoog_0298.png"; bbox 0 0 2002 3554; ppageno 0'>
   <div class='ocr_carea' id='block_1_1' title="bbox 104 88 762 214">
    <p class='ocr_par' dir='ltr' id='par_1_1' title="bbox 104 88 762 214">
     <span class='ocr_line' id='line_1_1' title="bbox 104 88 762 214; baseline -0.002 -22"><span class='ocrx_word' id='word_1_1' title='bbox 104 113 107 122; x_wconf 77' lang='lat'>&#39;</span> <span class='ocrx_word' id='word_1_2' title='bbox 136 93 646 192; x_wconf 64' lang='lat' dir='ltr'><strong>Rmpun.R0MAn.L1n.11.</strong></span> <span class='ocrx_word' id='word_1_3' title='bbox 695 88 762 214; x_wconf 68' lang='lat'>263</span> 
     </span>
    </p>
   </div>
   <div class='ocr_carea' id='block_1_2' title="bbox 24 275 848 2995">
    <p class='ocr_par' dir='ltr' id='par_1_2' title="bbox 24 275 848 2995">
     <span class='ocr_line' id='line_1_2' title="bbox 66 275 764 374; baseline 0.003 -25"><span class='ocrx_word' id='word_1_4' title='bbox 66 280 161 352; x_wconf 84' lang='lat' dir='ltr'>vitati</span> <span class='ocrx_word' id='word_1_5' title='bbox 185 277 339 352; x_wconf 79' lang='lat' dir='ltr'>affulfiffe</span> <span class='ocrx_word' id='word_1_6' title='bbox 359 275 424 369; x_wconf 74' lang='lat' dir='ltr'>visa</span> <span class='ocrx_word' id='word_1_7' title='bbox 447 275 494 348; x_wconf 85' lang='lat' dir='ltr'>est</span> <span class='ocrx_word' id='word_1_8' title='bbox 526 295 553 349; x_wconf 78' lang='lat'>².</span> <span class='ocrx_word' id='word_1_9' title='bbox 585 279 764 374; x_wconf 83' lang='lat' dir='ltr'>Sponsores</span> 
     </span>
     <span class='ocr_line' id='line_1_3' title="bbox 65 375 760 475; baseline 0.003 -28"><span class='ocrx_word' id='word_1_10' title='bbox 65 380 156 474; x_wconf 85' lang='lat' dir='ltr'>pacis</span> <span class='ocrx_word' id='word_1_11' title='bbox 174 401 235 475; x_wconf 87' lang='lat' dir='ltr'>per</span> <span class='ocrx_word' id='word_1_12' title='bbox 251 375 383 448; x_wconf 82' lang='lat' dir='ltr'>feciales</span> <span class='ocrx_word' id='word_1_13' title='bbox 397 376 601 448; x_wconf 81' lang='lat' dir='ltr'>Samnitibus</span> <span class='ocrx_word' id='word_1_14' title='bbox 616 377 688 449; x_wconf 71' lang='lat' dir='ltr'>sant</span> <span class='ocrx_word' id='word_1_15' title='bbox 701 377 760 448; x_wconf 87' lang='lat' dir='ltr'>de·</span> 
     </span>
     <span class='ocr_line' id='line_1_4' title="bbox 65 470 760 570; baseline 0.004 -25"><span class='ocrx_word' id='word_1_16' title='bbox 65 474 150 545; x_wconf 90' lang='lat' dir='ltr'>diti:</span> <span class='ocrx_word' id='word_1_17' title='bbox 183 474 242 545; x_wconf 87' lang='lat' dir='ltr'>ubi</span> <span class='ocrx_word' id='word_1_18' title='bbox 267 473 429 545; x_wconf 78' lang='lat' dir='ltr'>observari</span> <span class='ocrx_word' id='word_1_19' title='bbox 454 473 563 570; x_wconf 87' lang='lat' dir='ltr'>potest</span> <span class='ocrx_word' id='word_1_20' title='bbox 580 470 643 543; x_wconf 81' lang='lat' dir='ltr'>risu</span> <span class='ocrx_word' id='word_1_21' title='bbox 660 474 760 567; x_wconf 78' lang='lat' dir='ltr'>digna</span> 
     </span>
     <span class='ocr_line' id='line_1_5' title="bbox 65 570 762 667; baseline -0.001 -24"><span class='ocrx_word' id='word_1_22' title='bbox 65 570 156 643; x_wconf 74' lang='lat' dir='ltr'>a&amp;io</span> <span class='ocrx_word' id='word_1_23' title='bbox 180 573 237 667; x_wconf 86' lang='lat' dir='ltr'>Sp.</span> <span class='ocrx_word' id='word_1_24' title='bbox 254 571 434 658; x_wconf 85' lang='lat' dir='ltr'>Postumii,</span> <span class='ocrx_word' id='word_1_25' title='bbox 466 593 529 667; x_wconf 83' lang='lat' dir='ltr'>qua</span> <span class='ocrx_word' id='word_1_26' title='bbox 549 571 674 644; x_wconf 85' lang='lat' dir='ltr'>bellum</span> <span class='ocrx_word' id='word_1_27' title='bbox 691 572 762 643; x_wconf 89' lang='lat' dir='ltr'>Ro·</span> 
     </span>
     <span class='ocr_line' id='line_1_6' title="bbox 66 669 764 766; baseline -0.001 -27"><span class='ocrx_word' id='word_1_28' title='bbox 66 693 242 743; x_wconf 86' lang='lat' dir='ltr'>manorum</span> <span class='ocrx_word' id='word_1_29' title='bbox 271 671 305 740; x_wconf 87' lang='lat' dir='ltr'>in</span> <span class='ocrx_word' id='word_1_30' title='bbox 328 670 492 744; x_wconf 80' lang='lat' dir='ltr'>Samnites</span> <span class='ocrx_word' id='word_1_31' title='bbox 518 669 708 766; x_wconf 79' lang='lat' dir='ltr'>legitimum</span> <span class='ocrx_word' id='word_1_32' title='bbox 733 669 764 738; x_wconf 89' lang='lat' dir='ltr'>se</span> 
     </span>
     <span class='ocr_line' id='line_1_7' title="bbox 65 762 763 861; baseline 0.001 -25"><span class='ocrx_word' id='word_1_33' title='bbox 65 766 157 861; x_wconf 83' lang='lat' dir='ltr'>poffe</span> <span class='ocrx_word' id='word_1_34' title='bbox 172 762 308 840; x_wconf 77' lang='lat' dir='ltr'>reddere</span> <span class='ocrx_word' id='word_1_35' title='bbox 324 766 494 844; x_wconf 86' lang='lat' dir='ltr'>credebat.</span> <span class='ocrx_word' id='word_1_36' title='bbox 520 767 658 838; x_wconf 83' lang='lat' dir='ltr'>Fecialis</span> <span class='ocrx_word' id='word_1_37' title='bbox 668 789 763 837; x_wconf 88' lang='lat' dir='ltr'>nem·</span> 
     </span>
     <span class='ocr_line' id='line_1_8' title="bbox 64 863 765 964; baseline -0.004 -26"><span class='ocrx_word' id='word_1_38' title='bbox 64 887 110 959; x_wconf 86' lang='lat' dir='ltr'>pe</span> <span class='ocrx_word' id='word_1_39' title='bbox 132 866 278 953; x_wconf 81' lang='lat' dir='ltr'>Romani</span> <span class='ocrx_word' id='word_1_40' title='bbox 292 864 459 964; x_wconf 81' lang='lat' dir='ltr'><strong>sponsores</strong></span> <span class='ocrx_word' id='word_1_41' title='bbox 473 863 632 937; x_wconf 83' lang='lat' dir='ltr'>tradentis</span> <span class='ocrx_word' id='word_1_42' title='bbox 655 863 765 935; x_wconf 84' lang='lat' dir='ltr'>femur</span> 
     </span>
     <span class='ocr_line' id='line_1_9' title="bbox 64 962 763 1059; baseline 0 -27"><span class='ocrx_word' id='word_1_43' title='bbox 64 983 184 1055; x_wconf 83' lang='lat' dir='ltr'>quanta</span> <span class='ocrx_word' id='word_1_44' title='bbox 220 966 366 1036; x_wconf 82' lang='lat' dir='ltr'>maxime</span> <span class='ocrx_word' id='word_1_45' title='bbox 397 983 530 1059; x_wconf 83' lang='lat' dir='ltr'>poterat</span> <span class='ocrx_word' id='word_1_46' title='bbox 545 965 579 1032; x_wconf 85' lang='lat' dir='ltr'>vi</span> <span class='ocrx_word' id='word_1_47' title='bbox 599 962 763 1058; x_wconf 77' lang='lat' dir='ltr'>perculit,</span> 
     </span>
     <span class='ocr_line' id='line_1_10' title="bbox 65 1060 761 1159; baseline 0 -32"><span class='ocrx_word' id='word_1_48' title='bbox 65 1066 110 1128; x_wconf 76' lang='lat' dir='ltr'>ita</span> <span class='ocrx_word' id='word_1_49' title='bbox 126 1089 146 1130; x_wconf 86' lang='lat' dir='ltr'><em>a</em></span> <span class='ocrx_word' id='word_1_50' title='bbox 164 1066 216 1150; x_wconf 73' lang='lat' dir='ltr'>se,</span> <span class='ocrx_word' id='word_1_51' title='bbox 243 1067 296 1156; x_wconf 81' lang='lat' dir='ltr'>qui</span> <span class='ocrx_word' id='word_1_52' title='bbox 312 1065 386 1159; x_wconf 80' lang='lat' dir='ltr'>jam</span> <span class='ocrx_word' id='word_1_53' title='bbox 402 1065 480 1130; x_wconf 82' lang='lat' dir='ltr'>civis</span> <span class='ocrx_word' id='word_1_54' title='bbox 496 1060 761 1149; x_wconf 73' lang='lat' dir='ltr'>Samniseffetvio·</span> 
     </span>
     <span class='ocr_line' id='line_1_11' title="bbox 63 1157 763 1256; baseline 0.006 -32"><span class='ocrx_word' id='word_1_55' title='bbox 63 1159 159 1228; x_wconf 79' lang='lat' dir='ltr'><em>latum</em></span> <span class='ocrx_word' id='word_1_56' title='bbox 179 1180 286 1228; x_wconf 82' lang='lat' dir='ltr'><em>contra</em></span> <span class='ocrx_word' id='word_1_57' title='bbox 309 1164 366 1256; x_wconf 71' lang='lat' dir='ltr'>jai</span> <span class='ocrx_word' id='word_1_58' title='bbox 374 1164 515 1256; x_wconf 77' lang='lat' dir='ltr'>gentium</span> <span class='ocrx_word' id='word_1_59' title='bbox 532 1163 688 1226; x_wconf 80' lang='lat' dir='ltr'>Feeialem</span> <span class='ocrx_word' id='word_1_60' title='bbox 704 1157 763 1228; x_wconf 83' lang='lat' dir='ltr'>ad·</span> 
     </span>
     <span class='ocr_line' id='line_1_12' title="bbox 59 1252 765 1354; baseline -0.003 -30"><span class='ocrx_word' id='word_1_61' title='bbox 59 1254 200 1349; x_wconf 85' lang='lat' dir='ltr'>jiciens;</span> <span class='ocrx_word' id='word_1_62' title='bbox 224 1282 256 1324; x_wconf 85' lang='lat' dir='ltr'>eo</span> <span class='ocrx_word' id='word_1_63' title='bbox 267 1256 375 1354; x_wconf 73' lang='lat' dir='ltr'>justius</span> <span class='ocrx_word' id='word_1_64' title='bbox 392 1252 765 1351; x_wconf 71' lang='lat' dir='ltr'>Romamsbeliumgejiu·</span> 
     </span>
     <span class='ocr_line' id='line_1_13' title="bbox 61 1350 766 1452; baseline 0.004 -33"><span class='ocrx_word' id='word_1_65' title='bbox 61 1376 120 1422; x_wconf 82' lang='lat' dir='ltr'><em>ros.</em></span> <span class='ocrx_word' id='word_1_66' title='bbox 171 1353 281 1425; x_wconf 89' lang='lat' dir='ltr'>Pudet</span> <span class='ocrx_word' id='word_1_67' title='bbox 303 1353 375 1426; x_wconf 85' lang='lat' dir='ltr'>sane</span> <span class='ocrx_word' id='word_1_68' title='bbox 399 1350 694 1452; x_wconf 76' lang='lat' dir='ltr'>indigniffitnamm</span> <span class='ocrx_word' id='word_1_69' title='bbox 712 1376 766 1422; x_wconf 87' lang='lat' dir='ltr'>ar-</span> 
     </span>
     <span class='ocr_line' id='line_1_14' title="bbox 61 1446 760 1546; baseline -0.001 -27"><span class='ocrx_word' id='word_1_70' title='bbox 61 1449 152 1520; x_wconf 89' lang='lat' dir='ltr'>tium</span> <span class='ocrx_word' id='word_1_71' title='bbox 166 1474 177 1536; x_wconf 79' lang='lat'>3</span> <span class='ocrx_word' id='word_1_72' title='bbox 200 1450 316 1546; x_wconf 88' lang='lat' dir='ltr'>quibus</span> <span class='ocrx_word' id='word_1_73' title='bbox 332 1475 399 1523; x_wconf 88' lang='lat' dir='ltr'>non</span> <span class='ocrx_word' id='word_1_74' title='bbox 415 1451 478 1524; x_wconf 85' lang='lat' dir='ltr'>hac</span> <span class='ocrx_word' id='word_1_75' title='bbox 497 1450 601 1524; x_wconf 85' lang='lat' dir='ltr'>solum</span> <span class='ocrx_word' id='word_1_76' title='bbox 611 1446 760 1523; x_wconf 82' lang='lat' dir='ltr'><strong>occafio·</strong></span> 
     </span>
     <span class='ocr_line' id='line_1_15' title="bbox 61 1545 762 1643; baseline 0.01 -29"><span class='ocrx_word' id='word_1_77' title='bbox 61 1568 126 1634; x_wconf 87' lang='lat' dir='ltr'>ne,</span> <span class='ocrx_word' id='word_1_78' title='bbox 150 1547 206 1618; x_wconf 85' lang='lat' dir='ltr'>sed</span> <span class='ocrx_word' id='word_1_79' title='bbox 228 1549 320 1643; x_wconf 84' lang='lat' dir='ltr'>saepe</span> <span class='ocrx_word' id='word_1_80' title='bbox 336 1545 421 1621; x_wconf 76' lang='lat' dir='ltr'>&#39;alias</span> <span class='ocrx_word' id='word_1_81' title='bbox 437 1550 588 1628; x_wconf 80' lang='lat' dir='ltr'>Romani</span> <span class='ocrx_word' id='word_1_82' title='bbox 605 1548 678 1621; x_wconf 86' lang='lat' dir='ltr'>sunt</span> <span class='ocrx_word' id='word_1_83' title='bbox 693 1547 762 1621; x_wconf 86' lang='lat' dir='ltr'>ufi:</span> 
     </span>
     <span class='ocr_line' id='line_1_16' title="bbox 61 1642 757 1744; baseline -0.001 -28"><span class='ocrx_word' id='word_1_84' title='bbox 61 1642 100 1738; x_wconf 83' lang='lat'>&amp;</span> <span class='ocrx_word' id='word_1_85' title='bbox 116 1665 201 1741; x_wconf 89' lang='lat' dir='ltr'>puto</span> <span class='ocrx_word' id='word_1_86' title='bbox 216 1669 259 1718; x_wconf 82' lang='lat' dir='ltr'>ex</span> <span class='ocrx_word' id='word_1_87' title='bbox 275 1645 433 1720; x_wconf 76' lang='lat' dir='ltr'>similibus</span> <span class='ocrx_word' id='word_1_88' title='bbox 446 1645 517 1720; x_wconf 80' lang='lat' dir='ltr'>satis</span> <span class='ocrx_word' id='word_1_89' title='bbox 532 1648 671 1744; x_wconf 74' lang='lat' dir='ltr'>colligi,</span> <span class='ocrx_word' id='word_1_90' title='bbox 697 1669 757 1716; x_wconf 88' lang='lat' dir='ltr'>ne·</span> 
     </span>
     <span class='ocr_line' id='line_1_17' title="bbox 59 1743 759 1842; baseline 0.007 -31"><span class='ocrx_word' id='word_1_91' title='bbox 59 1764 226 1839; x_wconf 78' lang='lat' dir='ltr'>quaquam</span> <span class='ocrx_word' id='word_1_92' title='bbox 254 1743 400 1842; x_wconf 81' lang='lat' dir='ltr'>justitiae</span> <span class='ocrx_word' id='word_1_93' title='bbox 434 1744 563 1820; x_wconf 84' lang='lat' dir='ltr'>severos</span> <span class='ocrx_word' id='word_1_94' title='bbox 595 1747 759 1828; x_wconf 76' lang='lat' dir='ltr'>cultores,</span> 
     </span>
     <span class='ocr_line' id='line_1_18' title="bbox 46 1840 760 1940; baseline 0.004 -31"><span class='ocrx_word' id='word_1_95' title='bbox 46 1861 128 1930; x_wconf 84' lang='lat' dir='ltr'>¹nec</span> <span class='ocrx_word' id='word_1_96' title='bbox 152 1840 265 1924; x_wconf 82' lang='lat' dir='ltr'>domi,</span> <span class='ocrx_word' id='word_1_97' title='bbox 288 1853 307 1933; x_wconf 87' lang='lat'><strong><em>&lt;</em></strong></span> <span class='ocrx_word' id='word_1_98' title='bbox 317 1846 411 1940; x_wconf 85' lang='lat' dir='ltr'>cujus</span> <span class='ocrx_word' id='word_1_99' title='bbox 426 1843 474 1914; x_wconf 91' lang='lat' dir='ltr'>rei</span> <span class='ocrx_word' id='word_1_100' title='bbox 490 1844 641 1939; x_wconf 79' lang='lat' dir='ltr'>exempla</span> <span class='ocrx_word' id='word_1_101' title='bbox 657 1843 760 1937; x_wconf 80' lang='lat' dir='ltr'><strong>pluri·</strong></span> 
     </span>
     <span class='ocr_line' id='line_1_19' title="bbox 63 1939 760 2034; baseline 0.004 -29"><span class='ocrx_word' id='word_1_102' title='bbox 63 1960 117 2006; x_wconf 89' lang='lat' dir='ltr'>ma</span> <span class='ocrx_word' id='word_1_103' title='bbox 139 1940 201 2014; x_wconf 82' lang='lat' dir='ltr'>iam</span> <span class='ocrx_word' id='word_1_104' title='bbox 216 1939 417 2027; x_wconf 83' lang='lat' dir='ltr'>habuimus)</span> <span class='ocrx_word' id='word_1_105' title='bbox 437 1965 499 2011; x_wconf 88' lang='lat' dir='ltr'>nec</span> <span class='ocrx_word' id='word_1_106' title='bbox 515 1939 612 2026; x_wconf 84' lang='lat' dir='ltr'>foris,</span> <span class='ocrx_word' id='word_1_107' title='bbox 637 1941 760 2034; x_wconf 79' lang='lat' dir='ltr'>priscos</span> 
     </span>
     <span class='ocr_line' id='line_1_20' title="bbox 60 2032 759 2132; baseline 0.003 -30"><span class='ocrx_word' id='word_1_108' title='bbox 60 2032 134 2104; x_wconf 83' lang='lat' dir='ltr'>ilios</span> <span class='ocrx_word' id='word_1_109' title='bbox 163 2034 276 2108; x_wconf 74' lang='lat' dir='ltr'>fuisse:</span> <span class='ocrx_word' id='word_1_110' title='bbox 307 2036 398 2132; x_wconf 87' lang='lat' dir='ltr'>quod</span> <span class='ocrx_word' id='word_1_111' title='bbox 425 2036 759 2107; x_wconf 79' lang='lat' dir='ltr'>obiter&#39;monendum</span> 
     </span>
     <span class='ocr_line' id='line_1_21' title="bbox 24 2127 759 2224; baseline -0.01 -19"><span class='ocrx_word' id='word_1_112' title='bbox 24 2192 27 2205; x_wconf 85' lang='lat'><em>,</em></span> <span class='ocrx_word' id='word_1_113' title='bbox 58 2127 155 2204; x_wconf 80' lang='lat' dir='ltr'>fuiffe</span> <span class='ocrx_word' id='word_1_114' title='bbox 177 2135 330 2206; x_wconf 83' lang='lat' dir='ltr'>videtur:</span> <span class='ocrx_word' id='word_1_115' title='bbox 365 2155 444 2202; x_wconf 87' lang='lat' dir='ltr'>cum</span> <span class='ocrx_word' id='word_1_116' title='bbox 460 2132 666 2204; x_wconf 85' lang='lat' dir='ltr'>fortitudinis</span> <span class='ocrx_word' id='word_1_117' title='bbox 681 2132 759 2224; x_wconf 90' lang='lat' dir='ltr'>qui-</span> 
     </span>
     <span class='ocr_line' id='line_1_22' title="bbox 59 2226 759 2329; baseline 0.001 -33"><span class='ocrx_word' id='word_1_118' title='bbox 59 2226 150 2315; x_wconf 87' lang='lat' dir='ltr'>dem,</span> <span class='ocrx_word' id='word_1_119' title='bbox 168 2231 378 2329; x_wconf 79' lang='lat' dir='ltr'>frugalitatis.</span> <span class='ocrx_word' id='word_1_120' title='bbox 408 2228 553 2325; x_wconf 82' lang='lat' dir='ltr'>justitiae</span> <span class='ocrx_word' id='word_1_121' title='bbox 569 2230 655 2299; x_wconf 78' lang='lat' dir='ltr'>inter</span> <span class='ocrx_word' id='word_1_122' title='bbox 672 2231 759 2298; x_wconf 85' lang='lat' dir='ltr'>cives</span> 
     </span>
     <span class='ocr_line' id='line_1_23' title="bbox 57 2327 756 2425; baseline 0.001 -31"><span class='ocrx_word' id='word_1_123' title='bbox 57 2328 242 2415; x_wconf 83' lang='lat' dir='ltr'>exercitae,</span> <span class='ocrx_word' id='word_1_124' title='bbox 269 2329 515 2425; x_wconf 78' lang='lat' dir='ltr'>multarumque</span> <span class='ocrx_word' id='word_1_125' title='bbox 532 2329 667 2400; x_wconf 77' lang='lat' dir='ltr'>aliarum</span> <span class='ocrx_word' id='word_1_126' title='bbox 684 2327 756 2396; x_wconf 89' lang='lat' dir='ltr'>vir·</span> 
     </span>
     <span class='ocr_line' id='line_1_24' title="bbox 56 2427 797 2523; baseline 0.001 -30"><span class='ocrx_word' id='word_1_127' title='bbox 56 2441 188 2508; x_wconf 89' lang='lat' dir='ltr'>tutum,</span> <span class='ocrx_word' id='word_1_128' title='bbox 218 2452 296 2523; x_wconf 83' lang='lat' dir='ltr'><strong>quas</strong></span> <span class='ocrx_word' id='word_1_129' title='bbox 310 2427 403 2497; x_wconf 88' lang='lat' dir='ltr'>domi</span> <span class='ocrx_word' id='word_1_130' title='bbox 418 2428 614 2513; x_wconf 86' lang='lat' dir='ltr'>coluerunt,</span> <span class='ocrx_word' id='word_1_131' title='bbox 643 2449 757 2496; x_wconf 87' lang='lat' dir='ltr'>exem·</span> <span class='ocrx_word' id='word_1_132' title='bbox 794 2519 797 2523; x_wconf 79' lang='lat'>.</span> 
     </span>
     <span class='ocr_line' id='line_1_25' title="bbox 56 2519 754 2614; baseline 0.006 -26"><span class='ocrx_word' id='word_1_133' title='bbox 56 2519 113 2614; x_wconf 82' lang='lat' dir='ltr'>pla</span> <span class='ocrx_word' id='word_1_134' title='bbox 129 2523 279 2610; x_wconf 83' lang='lat' dir='ltr'>exstent;</span> <span class='ocrx_word' id='word_1_135' title='bbox 306 2527 339 2595; x_wconf 89' lang='lat' dir='ltr'>in</span> <span class='ocrx_word' id='word_1_136' title='bbox 355 2523 464 2596; x_wconf 86' lang='lat' dir='ltr'>hostes</span> <span class='ocrx_word' id='word_1_137' title='bbox 477 2550 557 2597; x_wconf 86' lang='lat' dir='ltr'>vero</span> <span class='ocrx_word' id='word_1_138' title='bbox 572 2523 754 2611; x_wconf 79' lang='lat' dir='ltr'>quidvisli·</span> 
     </span>
     <span class='ocr_line' id='line_1_26' title="bbox 56 2618 752 2722; baseline 0.003 -31"><span class='ocrx_word' id='word_1_139' title='bbox 56 2639 134 2691; x_wconf 82' lang='lat' dir='ltr'>cere</span> <span class='ocrx_word' id='word_1_140' title='bbox 148 2618 205 2692; x_wconf 85' lang='lat' dir='ltr'>fibi</span> <span class='ocrx_word' id='word_1_141' title='bbox 221 2623 344 2718; x_wconf 70' lang='lat' dir='ltr'>putasse</span> <span class='ocrx_word' id='word_1_142' title='bbox 360 2621 547 2697; x_wconf 83' lang='lat' dir='ltr'>videantur.</span> <span class='ocrx_word' id='word_1_143' title='bbox 575 2627 671 2722; x_wconf 77' lang='lat' dir='ltr'>Ergo</span> <span class='ocrx_word' id='word_1_144' title='bbox 681 2647 752 2695; x_wconf 85' lang='lat' dir='ltr'>me·</span> 
     </span>
     <span class='ocr_line' id='line_1_27' title="bbox 54 2718 848 2816; baseline 0.004 -27"><span class='ocrx_word' id='word_1_145' title='bbox 54 2720 124 2789; x_wconf 87' lang='lat' dir='ltr'>rito</span> <span class='ocrx_word' id='word_1_146' title='bbox 149 2718 236 2791; x_wconf 82' lang='lat' dir='ltr'>illam</span> <span class='ocrx_word' id='word_1_147' title='bbox 260 2719 463 2790; x_wconf 83' lang='lat' dir='ltr'>deditionem</span> <span class='ocrx_word' id='word_1_148' title='bbox 488 2724 667 2816; x_wconf 79' lang='lat' dir='ltr'>accipere,</span> <span class='ocrx_word' id='word_1_149' title='bbox 695 2741 754 2792; x_wconf 84' lang='lat' dir='ltr'>aut</span> <span class='ocrx_word' id='word_1_150' title='bbox 846 2763 848 2767; x_wconf 16' lang='grc' dir='ltr'><em>Α</em></span> 
     </span>
     <span class='ocr_line' id='line_1_28' title="bbox 53 2815 751 2889; baseline 0.001 -2"><span class='ocrx_word' id='word_1_151' title='bbox 53 2835 157 2887; x_wconf 80' lang='lat' dir='ltr'>ratam</span> <span class='ocrx_word' id='word_1_152' title='bbox 183 2816 304 2888; x_wconf 81' lang='lat' dir='ltr'>habere</span> <span class='ocrx_word' id='word_1_153' title='bbox 324 2815 508 2888; x_wconf 77' lang='lat' dir='ltr'>abnuerunt</span> <span class='ocrx_word' id='word_1_154' title='bbox 523 2820 687 2889; x_wconf 82' lang='lat' dir='ltr'>Samnites</span> <span class='ocrx_word' id='word_1_155' title='bbox 703 2818 721 2872; x_wconf 85' lang='lat' dir='ltr'>b</span> <span class='ocrx_word' id='word_1_156' title='bbox 742 2844 751 2888; x_wconf 92' lang='lat'><strong>:</strong></span> 
     </span>
     <span class='ocr_line' id='line_1_29' title="bbox 54 2913 752 2995; baseline 0.006 -9"><span class='ocrx_word' id='word_1_157' title='bbox 54 2914 101 2986; x_wconf 89' lang='lat' dir='ltr'>ita</span> <span class='ocrx_word' id='word_1_158' title='bbox 114 2932 154 2986; x_wconf 91' lang='lat' dir='ltr'>ut</span> <span class='ocrx_word' id='word_1_159' title='bbox 167 2915 341 2995; x_wconf 78' lang='lat' dir='ltr'>inviolatus</span> <span class='ocrx_word' id='word_1_160' title='bbox 357 2915 394 2985; x_wconf 89' lang='lat' dir='ltr'>in</span> <span class='ocrx_word' id='word_1_161' title='bbox 409 2913 510 2987; x_wconf 79' lang='lat' dir='ltr'>castra</span> <span class='ocrx_word' id='word_1_162' title='bbox 530 2915 684 2986; x_wconf 77' lang='lat' dir='ltr'>Romana</span> <span class='ocrx_word' id='word_1_163' title='bbox 701 2940 752 2990; x_wconf 85' lang='lat' dir='ltr'>re·</span> 
     </span>
    </p>
   </div>
   <div class='ocr_carea' id='block_1_3' title="bbox 91 3017 755 3229">
    <p class='ocr_par' dir='ltr' id='par_1_3' title="bbox 91 3017 755 3229">
     <span class='ocr_line' id='line_1_30' title="bbox 544 3017 755 3094; baseline 0.028 -8"><span class='ocrx_word' id='word_1_164' title='bbox 544 3055 549 3063; x_wconf 87' lang='lat'><strong>·</strong></span> <span class='ocrx_word' id='word_1_165' title='bbox 647 3017 755 3094; x_wconf 83' lang='lat' dir='ltr'>versus</span> 
     </span>
     <span class='ocr_line' id='line_1_31' title="bbox 91 3127 567 3229; baseline 0 -38"><span class='ocrx_word' id='word_1_166' title='bbox 91 3127 188 3192; x_wconf 78' lang='lat' dir='ltr'>azbid.</span> <span class='ocrx_word' id='word_1_167' title='bbox 207 3149 228 3195; x_wconf 86' lang='lat' dir='ltr'>c.</span> <span class='ocrx_word' id='word_1_168' title='bbox 242 3149 285 3223; x_wconf 65' lang='grc' dir='ltr'>ιφ.</span> <span class='ocrx_word' id='word_1_169' title='bbox 323 3130 426 3192; x_wconf 77' lang='lat' dir='ltr'>blbid.</span> <span class='ocrx_word' id='word_1_170' title='bbox 445 3148 523 3192; x_wconf 84' lang='lat' dir='ltr'><em>c.11.</em></span> <span class='ocrx_word' id='word_1_171' title='bbox 560 3216 567 3229; x_wconf 91' lang='lat'>.</span> 
     </span>
    </p>
   </div>
   <div class='ocr_carea' id='block_1_4' title="bbox 0 0 1006 3554">
    <p class='ocr_par' dir='ltr' id='par_1_4' title="bbox 0 0 1006 3554">
     <span class='ocr_line' id='line_1_32' title="bbox 0 0 1006 3554; baseline 0 2"><span class='ocrx_word' id='word_1_172' title='bbox 0 0 1006 3554; x_wconf 95' lang='lat' dir='ltr'> </span> 
     </span>
    </p>
   </div>
  </div>
 </body>
</html>
