2002 3554
219 153 288 229 268
432 152 739 269 Htsuonta

223 315 311 387 viam
334 311 444 387 salutis
477 316 643 388 exercitui
659 313 832 414 superesse,
860 317 927 392 nifi

223 413 320 486 locus
337 411 469 498 editus,
506 415 565 510 qui
584 415 620 484 in
637 412 816 510 conspesiu
832 434 926 500 erat,

223 509 368 607 apaucis
388 509 673 608 (quadringentos
689 511 843 599 dicebat)
861 535 926 584 oc·

225 627 422 704 cupatetut‚
449 626 511 695 ut,
536 608 616 680 dutn
641 608 675 679 in
706 608 826 682 horum
841 606 927 704 quass

226 703 482 801 dtingentorum
516 704 619 777 caede
639 726 822 803 occupatus
844 704 929 779 esset

227 801 352 891 hostis,
375 821 445 874 tetn
471 825 508 874 us
524 803 708 874 exercitum
725 827 827 876 exeo
843 802 927 876 ioco

228 897 389 970 educendi
407 827 555 974 nasein.
579 898 768 996 Respondit
784 899 929 991 Consus

229 995 405 1069 confilium
423 997 558 1094 quidem
574 997 680 1070 fidum
699 995 929 1095 a'c'providend

230 1094 289 1166 fibi
305 1094 430 1182 videri3
455 1093 507 1167 sed
522 1094 692 1179 dubitare,
716 1119 817 1193 quern
830 1096 931 1167 inve·

230 1193 301 1262 nite
315 1190 413 1289 possit
429 1245 440 1279 ‚
465 1194 523 1288 qui
537 1192 658 1266 milites
665 1192 930 1290 quadringentos

232 1287 273 1360 ad
300 1314 378 1363 eum
404 1291 516 1363 locum
536 1293 571 1363 in
587 1288 731 1362 hostium
751 1312 876 1362 cuneos
891 1289 931 1362 δε

233 1407 358 1460 certam
397 1406 541 1460 mortem
580 1387 750 1460 duceren—
775 1387 932 1484 Operam

231 1483 321 1556 suam
337 1482 491 1557 offerenti
507 1482 931 1582 Tribunogratiae'aCon·

232 1580 298 1652 sule
327 1579 401 1653 sunt
429 1581 547 1653 astae:
583 1579 820 1678 Tribunusque
850 1604 933 1654 cum

233 1676 481 1774 quadringentis
496 1677 706 1750 militibusad
719 1677 935 1752 moriendum

151 1790 156 1797 ·
233 1771 402 1869 professus
425 1772 500 1844 est:
537 1775 872 1872 Stupueruntprimo
890 1775 934 1849 ad

235 1889 360 1941 tantam
394 1869 562 1942 audaciam
585 1870 722 1944 hostes:
757 1873 810 1945 sed
851 1895 937 1946 mox

234 1965 464 2040 strenuissimos
486 1965 617 2041 suorum
633 1969 785 2044 adversus
799 1972 934 2044 Roma-

236 2091 295 2138 nos
309 2067 458 2140 mittunt.
484 2066 705 2164 Tandemque
721 2067 795 2164 post
810 2091 935 2166 anceps

236 2165 395 2262 praelium
421 2164 600 2238 multitudo
627 2165 817 2263 superavit:
851 2189 936 2261 qua·

237 2263 473 2359 dringentique
497 2262 536 2332 ad
556 2286 659 2334 unum
675 2261 939 2358 omnespetsoffi

238 2361 355 2454 gladiis
372 2384 410 2429 ac
430 2357 598 2430 missalibus
607 2362 713 2456 operti
728 2359 937 2455 ceciderunt.

241 2456 366 2526 Consul
382 2459 504 2527 interea
524 2453 555 2524 se
571 2458 605 2525 in
622 2457 712 2528 locos
723 2455 938 2529 tutos&edi·

240 2570 292 2620 tos
314 2550 476 2622 subducit.
504 2553 593 2623 Cato
607 2556 942 2652 tameninOriginum

240 2647 352 2733 libris,
386 2648 607 2728 Tribunum,
641 2676 720 2724 cum
745 2655 831 2724 inter
847 2676 941 2724 mot·

240 2767 316 2818 tuos
340 2745 539 2843 defatigatus
555 2748 757 2840 vulneribus,
773 2771 940 2847 aegreque

240 2843 359 2942 spirans
372 2843 429 2914 diu
447 2844 616 2938 jacuisset,
644 2846 805 2919 sublatum
823 2843 939 2931 fuisse,

242 2963 340 3037 atque
358 2941 434 3014 inde
444 2941 658 3030 convaluisse,
684 2945 808 3034 asserit5
831 2941 942 3039 saepe-
989 2974 999 2983 ··

241 3061 306 3134 que
334 3038 410 3136 post
434 3040 487 3115 illa
503 3065 640 3140 operatu
657 3040 781 3119 sortem
804 3041 947 3213 Rgdpu-

875 3162 948 3213 icae
