2002 3554
9 3248 88 3292 h-

156 172 232 274 498
362 162 691 240 Htsaontn

157 330 334 407 Heracleae
352 322 542 399 substiterat
560 341 577 382 ²
599 348 611 395 ε
650 348 732 423 quo
757 324 887 400 intelle·

157 431 217 503 ἃο
249 425 381 497 Consul
408 424 570 494 Porcium
598 421 826 515 Catonem,
854 423 885 494 e

159 526 337 601 Valerium
370 521 499 617 legatos
527 518 602 590 suos
620 522 676 608 †,
701 525 888 595 viroscou·

159 625 305 708 suimet,
339 619 377 690 dc
402 620 486 689 olim
511 619 545 688 in
570 618 765 692 consulatu
789 620 887 693 colle·

163 746 240 818 gas,
266 741 304 792 ut
318 716 430 816 polica
444 719 480 787 in
495 715 635 787 censura
650 719 829 801 fuerunt.
852 714 887 789 ad

165 818 296 891 castella
316 813 518 887 Aetolorum
535 815 752 911 occupanda
770 816 888 888 mittit:

166 917 257 1012 quod
282 913 426 985 feliciter
454 937 473 981 a
510 908 653 984 Catone
684 913 889 1007 praestitum

166 1025 269 1103 (narn
313 1010 440 1083 Flacco
485 1031 552 1079 non
593 1008 725 1080 cadem
752 1010 888 1084 fortun

167 1113 233 1184 suit
252 1109 308 1196 b)
338 1107 548 1203 praecipuam
581 1104 763 1180 vietoriae
791 1130 888 1181 occa·

170 1209 299 1283 stonem
315 1205 420 1276 dedit.
451 1204 541 1277 Nam
562 1202 811 1292 Macedones,
835 1202 888 1303 qui

170 1310 259 1380 inter
301 1302 423 1377 auxilia
466 1300 632 1373 Antiochi
672 1303 889 1387 militabant,

168 1428 250 1476 cum
271 1399 887 1501 fignaRomanaerpropiuquocon·

170 1502 345 1600 spexiss'ent
363 1514 406 1583 c,
443 1498 480 1568 in
515 1495 631 1595 fugam
664 1496 700 1569 se
723 1502 890 1597 conjece·

170 1621 264 1673 runt.
317 1594 508 1668 Antiochus
533 1596 802 1691 quamprimum
819 1598 891 1667 suo·

171 1722 248 1769 rum
271 1697 377 1767 aciem
404 1692 597 1765 inclinatam
623 1692 751 1785 vidit,
784 1691 892 1765 effirsu

171 1792 269 1866 cursu
300 1790 478 1879 Elatiam,
513 1786 654 1861 &inde
683 1788 891 1863 Chalcidem

173 1887 374 1976 contendit,
399 1886 594 1986 quingentis
611 1906 749 1961 tantum
762 1909 813 1963 ,ex
831 1905 890 1959 to·

175 2009 215 2064 to
232 1990 304 2084 eius
319 1988 469 2058 exercitu
496 2010 574 2056 cum
590 1984 701 2085 Rege
719 1985 806 2087 suga
822 1984 891 2059 ela·

175 2088 255 2186 pfis.
285 2086 524 2159 Romanorum
545 2107 652 2182 prope
674 2084 822 2157 ducenti
840 2084 891 2155 in·

178 2184 325 2258 terfetti.
362 2184 665 2280 Appropinquante
684 2180 890 2255 Chalcidem

180 2282 329 2355 Consule
352 2283 433 2352 Rex
469 2305 548 2351 cnm
567 2303 655 2350 nova
672 2301 786 2379 nupta
813 2278 889 2368 (cui

178 2381 295 2450 Euliee
321 2404 443 2451 nomen
470 2378 562 2464 fuit)
582 2376 759 2474 Ephesum
786 2376 887 2475 sugit.

178 2479 397 2571 Chelcrdenses
429 2475 566 2548 Consuli
602 2493 717 2569 portas
753 2496 892 2573 aperue-

178 2593 259 2645 runt
278 2574 324 2661 ‘¹3
350 2574 545 2671 secutaeque
575 2571 650 2644 sunt
673 2596 799 2646 omnes
823 2570 892 2645 Eu·

129 2728 136 2735 .
179 2671 285 2745 boeae
319 2671 445 2765 urbes,
478 2697 559 2745 cum
575 2668 703 2757 summa
729 2669 893 2744 modestia

762 2769 898 2841 Acilius

218 2966 237 3011 a
258 2946 321 3007 tia.
339 2947 391 3005 dl.
408 2964 484 3005 ιη.
523 2946 539 3019 l
557 2944 611 3002 Cic.
623 2943 655 3001 dt
666 2953 726 3005 Sca.
737 2940 898 3004 t.10.Plrrt.

184 3039 253 3097 Cas.
274 3028 346 3105 M‘l·
362 3038 461 3159 mua.
473 3020 617 3075 Tt'thunuto
632 3020 749 3075 muttum
762 3017 835 3103 (uisse
856 3019 896 3075 di·

169 3128 268 3191 ‘cm
309 3106 331 3167 b
355 3101 391 3162 l'
415 3110 538 3165 ΑΨ*-
563 3086 919 3159 Wilrfflulmhtnsik

240 3192 265 3260 d
286 3184 358 3253 Liu.
378 3177 412 3239 ἃ·
430 3176 456 3254 l·
472 3181 553 3249 ΕΜ·
