2002 3554
250 144 720 258 ssnoneoomtun

75 301 154 383 gna
190 297 306 357 manu
353 276 607 374 amicorum,
645 277 832 358 clientum
856 280 882 373 ζ·

74 384 295 478 fervorum,
321 383 565 496 aliorumque
586 388 743 483 consta,
768 388 868 470 dum

73 490 202 574 hostes
222 491 381 599 praedae
402 495 541 578 intenti
565 498 707 591 effent,
737 503 867 582 muni·
908 602 911 608 Ι

74 601 216 683 tiffima
241 604 328 687 idae
347 606 490 688 montis
510 606 596 688 loca
621 630 791 714 occupat
813 629 831 672 ³
853 642 864 687 ε

73 736 203 820 eoque
223 711 331 795 brevi
361 735 536 822 tempore
555 742 605 795 ex
634 719 718 800 aliis
740 719 868 799 Troa·
907 795 911 803 .

52 870 54 874 ·
73 817 310 903 disurbibus
330 822 464 932 ingens
476 825 750 909 vishominum
769 854 868 917 con·

75 929 209 1012 fluxit.
252 937 382 1041 Atque
401 935 453 1014 ita
474 944 619 1019 Aeneas
637 958 725 1018 turo
744 935 865 1018 disce·

74 1039 200 1124 dendi
228 1045 386 1151 copiam
408 1074 431 1125 a
451 1043 608 1126 Graecis
637 1047 772 1153 pastus,
799 1045 875 1128 est.v

75 1149 164 1231 Hic
188 1153 267 1261 jam
295 1154 453 1262 quidam
489 1156 648 1260 tradunt
668 1159 722 1248 b,
751 1153 872 1239 Asca-

76 1262 186 1345 nium
205 1263 252 1341 ab
272 1269 399 1345 Aenea
429 1286 536 1368 parre
564 1267 603 1343 in
624 1292 759 1372 agrum
784 1264 870 1348 Da·

65 1368 280 1481 scylitr'cum
309 1375 463 1454 Troadi
500 1375 674 1455 vicinum
713 1373 870 1456 milium

76 1479 209 1575 fnisse,
236 1510 369 1563 cuma
396 1484 564 1590 regionis
594 1484 701 1564 illius
729 1485 872 1567 incolis

77 1589 127 1669 ad
144 1593 251 1700 regni
270 1590 638 1674 administrationem
652 1596 843 1676 acciretur
854 1638 868 1690 ς

79 1707 210 1782 &non
233 1701 302 1781 diu
319 1698 422 1805 post,
440 1730 530 1783 cum
549 1703 616 1783 alii
634 1705 748 1783 etiam
762 1706 872 1784 Tro·

75 1813 157 1919 jani
178 1836 225 1893 ex
247 1812 406 1891 Graecia
427 1814 475 1892 ad
498 1839 585 1893 eum
606 1812 722 1895 effent
744 1838 872 1896 rever-

81 1917 137 2016 sr,
163 1922 203 2000 in
223 1942 421 2027 paternum
452 1924 590 2027 Trojae
623 1948 782 2032 regnum
813 1949 873 2002 re-

80 2028 204 2115 diisse.
253 2032 392 2139 Quae,
421 2029 530 2113 srcui
552 2032 703 2138 vulgari
721 2030 872 2112 senten·

81 2139 137 2223 tia
148 2144 296 2225 veriora
317 2140 512 2237 videntur,
532 2167 608 2220 non
623 2140 873 2248 pertinaciter

80 2251 332 2361 repugnabo,
360 2252 512 2330 interim
540 2248 715 2330 usitatam
742 2247 873 2331 babie-

29 2436 32 2440 ,
79 2387 152 2444 nus
187 2360 412 2467 opinionem
443 2359 697 2462 amplexuros.
763 2359 873 2471 Ergo

80 2472 232 2561 Aeneas
254 2469 413 2575 trajebbo
442 2464 675 2575 Hellesponto
698 2468 871 2573 primurn

1 2640 2 2645 ,
81 2580 124 2658 in
144 2577 347 2669 Thraciam
367 2580 496 2673 venit3
521 2579 654 2682 ibique
674 2575 876 2660 hibernans

82 2688 277 2796 oppidum
302 2684 351 2763 de
370 2684 440 2767 suo
461 2686 617 2767 nomine
635 2684 785 2767 Aenean
813 2689 875 2771 di-

82 2792 188 2879 iium
208 2795 387 2879 condidit
399 2793 549 2900 3iisque
569 2821 619 2875 ex
641 2791 714 2877 suis
736 2793 876 2897 sociis,

47 2914 51 2922 ’
84 2908 155 3010 qui
175 2905 432 3016 navigationis
444 2904 693 3016 incommoda
713 2904 775 2986 vel
795 2934 875 2989 non

234 3052 259 3061 ..
372 3058 375 3063 ,
519 3044 522 3049 .
778 3042 879 3122 ,pm

6 3118 257 3320 γιςὶοπ.
277 3142 350 3211 Hal.
364 3148 391 3214 1.
406 3160 457 3231 47
476 3148 481 3157 ’
498 3143 519 3207 b
540 3140 582 3207 lb.
599 3140 639 3218 &
654 3140 729 3222 Ιώ.
746 3164 772 3206 c.
788 3145 842 3227 ⁶3·

248 3442 259 3477 7
