2002 3554
75 76 78 81 -
129 70 287 205 Rrsrauu.
310 130 469 207 Roman.
495 127 634 205 Luall.
690 155 760 229 345

59 292 157 367 lirent
176 295 306 365 milites.
334 290 428 365 Nam
445 312 513 363 erat
529 292 664 367 brumae
673 315 761 385 tem·

58 416 141 488 pus,
165 391 200 461 δε
228 392 315 461 forte
334 391 447 461 nivalis
466 391 579 460 diesin
596 394 677 465 locis
695 395 757 468 Al-

25 502 29 507 ’
58 489 157 585 pibus
190 495 409 588 Apenninoque
440 484 645 581 interjeflis,
680 518 761 588 pro·

18 598 22 605 '
60 588 247 683 pinquitate
273 589 372 658 etiam
400 585 579 657 fluntinum
604 611 642 656 ac
669 590 763 683 palu-'

40 685 141 754 -dum
166 686 370 781 praegelidis.
423 686 570 765 luteres,
598 704 635 755 ut
659 686 762 781 jejuni

60 780 241 877 frigidique
270 805 457 881 pugnarent
493 782 644 852 Romani
681 784 764 856 Nu·

62 879 177 963 midis‚
203 899 239 951 ut
255 882 366 952 castris
382 905 497 952 eorum
514 881 762 972 obequitarent,

60 976 214 1048 mandat:
242 1002 324 1071 quos
348 1005 429 1049 mox
455 976 658 1074 refugientes
678 980 731 1050 inf
747 1017 763 1034 ·

60 1076 130 1146 cuti
170 1076 313 1146 Romani
345 1076 486 1146 fluvium
526 1077 625 1146 etiam
650 1077 762 1174 ingre-

61 1171 217 1257 diuntur-3
244 1174 335 1245 unde
353 1174 480 1270 frigore
499 1172 593 1242 ftnrul
618 1174 652 1244 ὅ(
673 1173 764 1244 fame

59 1271 130 1341 cito
145 1269 340 1341 defecerunt
368 1288 395 1341 2.
430 1272 524 1341 Tum
545 1269 765 1343 demumfuos
855 1291 857 1295 ‘

61 1369 177 1439 animis
193 1367 451 1464 corporibusque
474 1370 594 1439 alacres
608 1392 696 1438 arma
712 1368 764 1438 fu·
860 1416 864 1421 -

61 1489 154 1535 mere
176 1467 273 1561 jubet
304 1466 460 1538 Poenus:
497 1485 595 1561 atque
616 1467 660 1535 ita
677 1463 763 1550 feffi.

64 1564 165 1657 jejuni
192 1563 226 1633 δε
252 1566 329 1660 gelu
358 1586 528 1661 torpentes
556 1563 701 1634 allaturis
725 1563 763 1635 &

61 1683 203 1756 corpore
222 1684 337 1733 curato
357 1663 515 1734 alacribus
525 1659 759 1758 lupe1·atifunt;

57 1754 138 1828 licet
159 1784 225 1830 non
243 1759 307 1830 fine
327 1760 513 1832 Poenorum
531 1758 630 1831 caede
654 1758 680 1829 b.
708 1759 757 1832 Et

59 1857 94 1924 vi
116 1855 249 1951 frigoris
268 1861 368 1931 etiam
387 1884 428 1930 ex
452 1860 569 1930 Poenis
589 1858 622 1927 8<
639 1858 753 1929 homi·
773 1879 775 1885 '

60 1974 118 2022 nes
136 1954 232 2023 multi
251 1954 286 2026 ὅ(
305 1955 754 2052 iumenta&elephantipro·

61 2070 105 2137 pe
132 2073 247 2119 omnes
262 2050 424 2143 absumpti
441 2051 523 2122 fnnr.
575 2052 622 2119 lta
639 2054 761 2145 quietis
803 2069 806 2073 ’

61 2146 185 2216 Poenis
207 2146 323 2242 Scipio
349 2148 534 2217 exercitum
560 2145 763 2217 Placentiam

63 2243 237 2339 perduxit.
280 2245 377 2314 Alter
404 2240 530 2313 Consul
547 2242 764 2335 Sempronius

62 2364 123 2437 per
140 2339 259 2412 effusos
276 2341 314 2411 ad
333 2340 555 2438 pradandum
567 2341 676 2412 hostes
687 2342 764 2413 Ro·

63 2462 154 2508 mam
179 2437 320 2509 elabitur
335 2472 347 2525 3
382 2439 416 2509 &
442 2443 556 2512 creatis
581 2441 614 2507 in
640 2463 764 2510 annum

63 2535 255 2631 sequentem
282 2537 485 2613 „Consulibus
506 2540 539 2608 in
562 2535 697 2608 hiberna
711 2562 765 2610 re·

12 2716 16 2721 .
66 2633 135 2701 dit:
163 2634 218 2703 ubi
236 2637 403 2705 continuis
419 2638 519 2707 etiam
541 2635 766 2728 expeditioni·

10 2788 36 2801 .,
65 2730 127 2800 bus
163 2731 335 2804 Romanos
365 2734 540 2804 exercebat
578 2734 743 2803 Hannibal
754 2761 776 2807 :2

66 2851 202 2926 quarum
214 2828 762 2927 unaipfelauciuspugnacrtceffit.

374 2928 417 3000 Y·
437 2949 461 3023 5
592 2925 766 3010 §.Xlln-

106 3087 122 3127 a
142 3072 227 3148 Polyb.
257 3073 321 3135 raia.
346 3092 367 3133 c.
381 3068 427 3144 7'2.
484 3071 501 3132 b
521 3069 584 3131 lbid.
604 3089 625 3129 c.
639 3086 682 3145 74.
701 3069 762 3131 Liv.

67 3147 129 3210 rud.
152 3151 244 3242 ‘'5⁶“
318 3158 321 3171 ⁴
856 3162 860 3173 “
