2002 3554
21 196 25 205 ·
131 164 287 242 Rnrrun.
312 164 635 247 Romnu.,Lrn.lI.
685 161 756 264 389

65 327 328 424 Rempublicam
367 327 644 401 committendam
680 352 760 402 cen·
793 394 795 399 ,

66 424 140 496 luit.
176 425 338 501 Marcello
354 444 464 496 tamen
479 423 668 496 Proconsuli
684 451 758 520 per·

68 520 174 611 mislt‚
186 523 325 613 faceret,
352 523 431 615 quad
450 519 762 621 eRepablicastdeque

59 618 116 711 sua
135 619 258 689 duceret
275 647 288 687 .·
320 622 395 688 dnm
411 645 448 689 ne
462 627 528 716 quis
544 645 645 688 eorum
658 644 763 688 mune·

67 741 99 784 re
120 737 278 786 vacaret:
303 743 363 788 neu
389 719 465 787 dano
488 721 618 789 militari
638 722 765 787 virtutis

65 839 134 910 ergo
167 815 360 883 donaretur:
391 842 449 884 neu
465 821 499 884 in
513 816 645 883 Italiam
660 835 763 914 repor-
827 815 831 821 ’

67 933 202 998 taretur,
225 909 317 983 donec
333 911 416 998 hossis
432 917 465 980 in
481 915 576 982 Italia
591 916 661 1002 effer
686 927 712 980 ².

10 1060 12 1065 -
118 1011 197 1080 Hoc
220 1033 307 1079 anno
333 1010 501 1093 Tarentus
527 1007 604 1080 urbs
621 1010 764 1105 opulen·

67 1103 187 1176 tiffima
207 1104 248 1175 ab
264 1106 450 1178 Hannibale
467 1131 511 1178 cx
526 1104 647 1176 inlidiis
664 1125 763 1203 capta

68 1200 144 1273 fuit.
186 1202 302 1272 Philam
324 1223 394 1274 erat
418 1203 620 1274 Tarentinus
643 1205 694 1273 vit
711 1207 764 1273 in·

68 1299 173 1396 quieti
200 1303 312 1372 animi.
365 1298 436 1372 Hic
462 1298 765 1372 obfidesTaranti·

68 1420 147 1480 nos,
180 1397 238 1492 qui
266 1398 401 1470 Romae
426 1397 459 1466 iu
478 1397 602 1467 laxiore
616 1394 765 1468 custodia

68 1491 294 1581 habebantur,
318 1493 396 1566 inde
413 1492 537 1569 eduxit.
567 1493 700 1568 Verum
717 1516 763 1565 ex

13 1632 19 1641 ·
67 1591 186 1660 itinere
216 1590 375 1676 retradli,
412 1589 449 1662 &
472 1593 574 1688 virgis
591 1592 696 1671 caeli.
721 1589 764 1662 de

20 1684 24 1689 ’
68 1685 146 1757 saxo
172 1685 291 1777 dejecli
324 1686 406 1761 sunt.
459 1688 574 1784 Hujus
611 1691 767 1761 atrocitas

67 1808 191 1879 poenae
208 1787 422 1885 praeteralios
440 1785 647 1858 Philemanam
660 1808 768 1884 quen·

41 1880 165 1966 dam,
191 1884 339 1956 nobilem
355 1885 605 1972 Tarentinum,
630 1906 765 1979 permo-

69 1979 148 2064 vit,
184 1999 221 2051 ut
248 2005 327 2052 cum
352 1979 541 2051 Hannibale
566 1980 703 2052 consilia
725 1978 768 2050 de

71 2073 240 2166 prodenda
268 2075 327 2170 ipst
347 2074 428 2146 urbe
447 2077 545 2147 iniret
561 2077 685 2170 patriae
696 2072 770 2144 suae

70 2170 259 2242 libertatem
289 2168 423 2267 paetus,
442 2169 485 2240 ’δε
510 2172 659 2243 Romani
675 2193 771 2263 prae·

71 2266 143 2338 fidii
166 2268 382 2339 traditionem
408 2267 576 2363 pollicitus
601 2265 629 2335 b,
685 2267 771 2362 Spe'·
874 2342 886 2366 Ι

73 2366 125 2435 cie
145 2385 255 2436 autem
272 2362 431 2450 venandi,
458 2368 553 2464 cuj'us
572 2366 617 2436 rei
628 2364 770 2460 cupidus

68 2465 138 2559 jam
166 2464 247 2533 olim
275 2462 488 2549 noscebatur,
519 2486 600 2534 cum
624 2460 717 2556 saepe
736 2484 771 2531 e·

73 2561 190 2655 gregia
206 2581 361 2652 captura,
387 2580 455 2631 tam
475 2562 640 2641 ferarum,
668 2581 770 2656 quam

74 2654 212 2751 praedae
243 2655 370 2727 hostilis
399 2657 551 2742 rediret,
591 2657 772 2730 ‚affiteverat

75 2771 244 2846 portarum
259 2753 435 2840 custodes,
452 2775 490 2826 ut
502 2775 773 2849 quocunqueno·

73 2846 136 2919 uis
163 2866 319 2944 tcmpore
339 2847 433 2920 fibilo
462 2851 593 2946 signum
615 2846 773 2933 dedisset,

73 2965 169 3042 porta
194 2949 385 3044 aperiretur.
413 2947 524 3114 {ebus
542 2947 586 3019 ita
604 2965 775 3043 praepara·

455 3044 524 3145 b3
736 3039 778 3112 tis
851 3101 855 3115 .

117 3175 134 3217 a
153 3158 215 3226 lbid.
234 3178 288 3237 αῖ.
326 3163 344 3228 b
365 3164 427 3230 Liv.
446 3162 512 3229 thia.
530 3184 551 3230 t.
565 3164 596 3229 b.
