<?xml version="1.0" encoding="UTF-8"?>
<!DOCTYPE html PUBLIC "-//W3C//DTD XHTML 1.0 Transitional//EN"
    "http://www.w3.org/TR/xhtml1/DTD/xhtml1-transitional.dtd">
<html xmlns="http://www.w3.org/1999/xhtml" xml:lang="en" lang="en">
 <head>
  <title>
</title>
<meta http-equiv="Content-Type" content="text/html;charset=utf-8" />
  <meta name='ocr-system' content='tesseract 3.04.00' />
  <meta name='ocr-capabilities' content='ocr_page ocr_carea ocr_par ocr_line ocrx_word'/>
</head>
<body>
  <div class='ocr_page' id='page_1' title='image "./historiareipubl00nieugoog/historiareipubl00nieugoog_0335.png"; bbox 0 0 2002 3554; ppageno 0'>
   <div class='ocr_carea' id='block_1_1' title="bbox 9 3228 175 3324">
    <p class='ocr_par' dir='ltr' id='par_1_1' title="bbox 9 3228 175 3324">
     <span class='ocr_line' id='line_1_1' title="bbox 9 3228 175 3324; baseline -0.036 0"><span class='ocrx_word' id='word_1_1' title='bbox 9 3228 175 3324; x_wconf 53' lang='lat' dir='ltr'>VN</span> 
     </span>
    </p>
   </div>
   <div class='ocr_carea' id='block_1_2' title="bbox 184 135 815 240">
    <p class='ocr_par' dir='ltr' id='par_1_2' title="bbox 184 135 815 240">
     <span class='ocr_line' id='line_1_2' title="bbox 184 135 815 240; baseline -0.029 -21"><span class='ocrx_word' id='word_1_2' title='bbox 184 149 259 240; x_wconf 82' lang='lat'>&#39;240</span> <span class='ocrx_word' id='word_1_3' title='bbox 403 135 690 214; x_wconf 77' lang='lat' dir='ltr'>Hrsrom</span> <span class='ocrx_word' id='word_1_4' title='bbox 811 192 815 201; x_wconf 94' lang='lat'><em>.</em></span> 
     </span>
    </p>
   </div>
   <div class='ocr_carea' id='block_1_3' title="bbox 190 293 883 403">
    <p class='ocr_par' dir='ltr' id='par_1_3' title="bbox 190 293 883 403">
     <span class='ocr_line' id='line_1_3' title="bbox 190 293 883 403; baseline -0.01 -22"><span class='ocrx_word' id='word_1_5' title='bbox 190 327 289 403; x_wconf 85' lang='lat' dir='ltr'>tergo</span> <span class='ocrx_word' id='word_1_6' title='bbox 296 300 448 386; x_wconf 83' lang='lat' dir='ltr'>instaret,</span> <span class='ocrx_word' id='word_1_7' title='bbox 465 320 558 373; x_wconf 88' lang='lat' dir='ltr'>metu</span> <span class='ocrx_word' id='word_1_8' title='bbox 571 293 883 375; x_wconf 73' lang='lat' dir='ltr'>necircumvenir&#39;e·</span> 
     </span>
    </p>
   </div>
   <div class='ocr_carea' id='block_1_4' title="bbox 178 397 888 3201">
    <p class='ocr_par' dir='ltr' id='par_1_4' title="bbox 178 397 888 3095">
     <span class='ocr_line' id='line_1_4' title="bbox 189 397 883 497; baseline -0.006 -20"><span class='ocrx_word' id='word_1_9' title='bbox 189 423 246 478; x_wconf 89' lang='lat' dir='ltr'>tur</span> <span class='ocrx_word' id='word_1_10' title='bbox 258 407 292 474; x_wconf 88' lang='lat' dir='ltr'>in</span> <span class='ocrx_word' id='word_1_11' title='bbox 303 399 522 497; x_wconf 85' lang='lat' dir='ltr'>Campaniam</span> <span class='ocrx_word' id='word_1_12' title='bbox 532 397 762 496; x_wconf 83' lang='lat' dir='ltr'>regreffusest.</span> <span class='ocrx_word' id='word_1_13' title='bbox 790 400 883 474; x_wconf 89' lang='lat' dir='ltr'>Hinc</span> 
     </span>
     <span class='ocr_line' id='line_1_5' title="bbox 185 498 885 594; baseline -0.007 -18"><span class='ocrx_word' id='word_1_14' title='bbox 185 525 289 587; x_wconf 85' lang='lat' dir='ltr'>vero,</span> <span class='ocrx_word' id='word_1_15' title='bbox 315 522 394 572; x_wconf 86' lang='lat' dir='ltr'>cum</span> <span class='ocrx_word' id='word_1_16' title='bbox 408 498 573 569; x_wconf 85' lang='lat' dir='ltr'>Romanis</span> <span class='ocrx_word' id='word_1_17' title='bbox 590 518 800 594; x_wconf 87' lang='lat' dir='ltr'>nequaquam</span> <span class='ocrx_word' id='word_1_18' title='bbox 819 499 885 571; x_wconf 88' lang='lat' dir='ltr'>ani·</span> 
     </span>
     <span class='ocr_line' id='line_1_6' title="bbox 187 592 886 683; baseline -0.01 -8"><span class='ocrx_word' id='word_1_19' title='bbox 187 624 263 675; x_wconf 82' lang='lat' dir='ltr'>moa</span> <span class='ocrx_word' id='word_1_20' title='bbox 276 599 421 671; x_wconf 86' lang='lat' dir='ltr'>minutos</span> <span class='ocrx_word' id='word_1_21' title='bbox 437 593 502 664; x_wconf 85' lang='lat' dir='ltr'>esse</span> <span class='ocrx_word' id='word_1_22' title='bbox 514 592 661 683; x_wconf 60' lang='lat' dir='ltr'>vidiffeta</span> <span class='ocrx_word' id='word_1_23' title='bbox 686 592 832 667; x_wconf 89' lang='lat' dir='ltr'>Cineam</span> <span class='ocrx_word' id='word_1_24' title='bbox 840 594 886 668; x_wconf 86' lang='lat' dir='ltr'>ie·</span> 
     </span>
     <span class='ocr_line' id='line_1_7' title="bbox 188 687 884 796; baseline -0.007 -25"><span class='ocrx_word' id='word_1_25' title='bbox 188 717 306 796; x_wconf 84' lang='lat' dir='ltr'>gatum</span> <span class='ocrx_word' id='word_1_26' title='bbox 321 692 364 765; x_wconf 88' lang='lat' dir='ltr'>de</span> <span class='ocrx_word' id='word_1_27' title='bbox 379 691 468 789; x_wconf 90' lang='lat' dir='ltr'>pacis</span> <span class='ocrx_word' id='word_1_28' title='bbox 477 687 884 787; x_wconf 70' lang='lat' dir='ltr'>corrditionibusaeiurum</span> 
     </span>
     <span class='ocr_line' id='line_1_8' title="bbox 188 787 886 880; baseline -0.009 -10"><span class='ocrx_word' id='word_1_29' title='bbox 188 797 344 871; x_wconf 88' lang='lat' dir='ltr'>Romam</span> <span class='ocrx_word' id='word_1_30' title='bbox 367 787 501 874; x_wconf 87' lang='lat' dir='ltr'>mittit,</span> <span class='ocrx_word' id='word_1_31' title='bbox 533 787 724 862; x_wconf 86' lang='lat' dir='ltr'>muneribus</span> <span class='ocrx_word' id='word_1_32' title='bbox 745 789 886 880; x_wconf 80' lang='lat' dir='ltr'>additia,</span> 
     </span>
     <span class='ocr_line' id='line_1_9' title="bbox 186 884 885 991; baseline -0.011 -24"><span class='ocrx_word' id='word_1_33' title='bbox 186 915 272 991; x_wconf 86' lang='lat' dir='ltr'>quae</span> <span class='ocrx_word' id='word_1_34' title='bbox 312 884 482 962; x_wconf 81' lang='lat' dir='ltr'>roceribus</span> <span class='ocrx_word' id='word_1_35' title='bbox 493 884 675 971; x_wconf 88' lang='lat' dir='ltr'>Romanis,</span> <span class='ocrx_word' id='word_1_36' title='bbox 699 888 885 983; x_wconf 78' lang='lat' dir='ltr'>eorumqiie</span> 
     </span>
     <span class='ocr_line' id='line_1_10' title="bbox 186 915 886 1063; baseline -0.01 0"><span class='ocrx_word' id='word_1_37' title='bbox 186 915 348 1063; x_wconf 58' lang='lat' dir='ltr'>uxorigus</span> <span class='ocrx_word' id='word_1_38' title='bbox 360 982 514 1058; x_wconf 85' lang='lat' dir='ltr'>traderet.</span> <span class='ocrx_word' id='word_1_39' title='bbox 547 981 679 1056; x_wconf 91' lang='lat' dir='ltr'>Verum</span> <span class='ocrx_word' id='word_1_40' title='bbox 693 987 886 1056; x_wconf 81' lang='lat' dir='ltr'>eaa&#39;nemi·</span> 
     </span>
     <span class='ocr_line' id='line_1_11' title="bbox 188 1078 887 1175; baseline -0.007 -16"><span class='ocrx_word' id='word_1_41' title='bbox 188 1110 232 1159; x_wconf 89' lang='lat' dir='ltr'>ne</span> <span class='ocrx_word' id='word_1_42' title='bbox 247 1083 379 1175; x_wconf 81' lang='lat' dir='ltr'>admiffa</span> <span class='ocrx_word' id='word_1_43' title='bbox 394 1080 480 1158; x_wconf 87' lang='lat' dir='ltr'>sunt.</span> <span class='ocrx_word' id='word_1_44' title='bbox 507 1079 548 1153; x_wconf 87' lang='lat' dir='ltr'>ln</span> <span class='ocrx_word' id='word_1_45' title='bbox 565 1081 688 1154; x_wconf 85' lang='lat' dir='ltr'>Senatu</span> <span class='ocrx_word' id='word_1_46' title='bbox 703 1078 887 1154; x_wconf 85' lang='lat' dir='ltr'>tamenCi·</span> 
     </span>
     <span class='ocr_line' id='line_1_12' title="bbox 188 1179 888 1273; baseline -0.007 -15"><span class='ocrx_word' id='word_1_47' title='bbox 188 1207 264 1273; x_wconf 79' lang='lat' dir='ltr'>neas</span> <span class='ocrx_word' id='word_1_48' title='bbox 276 1180 395 1257; x_wconf 86' lang='lat' dir='ltr'>blanda</span> <span class='ocrx_word' id='word_1_49' title='bbox 407 1180 560 1253; x_wconf 88' lang='lat' dir='ltr'>oratione</span> <span class='ocrx_word' id='word_1_50' title='bbox 578 1179 662 1252; x_wconf 90' lang='lat' dir='ltr'>adeo</span> <span class='ocrx_word' id='word_1_51' title='bbox 670 1179 802 1252; x_wconf 79' lang='lat' dir='ltr'>animos</span> <span class='ocrx_word' id='word_1_52' title='bbox 811 1203 888 1253; x_wconf 88' lang='lat' dir='ltr'>mo·</span> 
     </span>
     <span class='ocr_line' id='line_1_13' title="bbox 188 1275 888 1377; baseline -0.006 -22"><span class='ocrx_word' id='word_1_53' title='bbox 188 1301 302 1372; x_wconf 85' lang='lat' dir='ltr'>verat,</span> <span class='ocrx_word' id='word_1_54' title='bbox 326 1300 365 1354; x_wconf 87' lang='lat' dir='ltr'>ut</span> <span class='ocrx_word' id='word_1_55' title='bbox 389 1279 497 1377; x_wconf 89' lang='lat' dir='ltr'>plures</span> <span class='ocrx_word' id='word_1_56' title='bbox 518 1275 558 1348; x_wconf 90' lang='lat' dir='ltr'>ad</span> <span class='ocrx_word' id='word_1_57' title='bbox 573 1299 690 1374; x_wconf 86' lang='lat' dir='ltr'>pacem</span> <span class='ocrx_word' id='word_1_58' title='bbox 706 1276 888 1351; x_wconf 84' lang='lat' dir='ltr'>inclinatu·</span> 
     </span>
     <span class='ocr_line' id='line_1_14' title="bbox 187 1371 887 1472; baseline -0.009 -21"><span class='ocrx_word' id='word_1_59' title='bbox 187 1380 216 1451; x_wconf 87' lang='lat' dir='ltr'>ri</span> <span class='ocrx_word' id='word_1_60' title='bbox 244 1378 377 1452; x_wconf 76' lang='lat' dir='ltr'>fuiss&#39;ent</span> <span class='ocrx_word' id='word_1_61' title='bbox 393 1393 426 1463; x_wconf 71' lang='grc'>,“</span> <span class='ocrx_word' id='word_1_62' title='bbox 441 1372 501 1446; x_wconf 84' lang='lat' dir='ltr'>rifi</span> <span class='ocrx_word' id='word_1_63' title='bbox 530 1375 596 1472; x_wconf 81' lang='lat' dir='ltr'>Ap.</span> <span class='ocrx_word' id='word_1_64' title='bbox 612 1371 791 1460; x_wconf 84' lang='lat' dir='ltr'>Claudius,</span> <span class='ocrx_word' id='word_1_65' title='bbox 829 1374 887 1471; x_wconf 90' lang='lat' dir='ltr'>qui</span> 
     </span>
     <span class='ocr_line' id='line_1_15' title="bbox 187 1469 887 1565; baseline -0.006 -16"><span class='ocrx_word' id='word_1_66' title='bbox 187 1476 353 1548; x_wconf 87' lang='lat' dir='ltr'>caecitatis</span> <span class='ocrx_word' id='word_1_67' title='bbox 376 1471 410 1543; x_wconf 73' lang='grc' dir='ltr'>ὅ(</span> <span class='ocrx_word' id='word_1_68' title='bbox 427 1469 603 1545; x_wconf 80' lang='lat' dir='ltr'>sene8tutis</span> <span class='ocrx_word' id='word_1_69' title='bbox 620 1469 724 1542; x_wconf 84' lang='lat' dir='ltr'>cauffa</span> <span class='ocrx_word' id='word_1_70' title='bbox 740 1472 807 1565; x_wconf 83' lang='lat' dir='ltr'>jam</span> <span class='ocrx_word' id='word_1_71' title='bbox 823 1472 887 1545; x_wconf 92' lang='lat' dir='ltr'>du·</span> 
     </span>
     <span class='ocr_line' id='line_1_16' title="bbox 187 1566 885 1664; baseline -0.003 -21"><span class='ocrx_word' id='word_1_72' title='bbox 187 1571 269 1644; x_wconf 92' lang='lat' dir='ltr'>dum</span> <span class='ocrx_word' id='word_1_73' title='bbox 293 1566 511 1664; x_wconf 84' lang='lat' dir='ltr'>Reipublicae</span> <span class='ocrx_word' id='word_1_74' title='bbox 525 1568 808 1640; x_wconf 84' lang='lat' dir='ltr'>administratione</span> <span class='ocrx_word' id='word_1_75' title='bbox 825 1568 885 1641; x_wconf 89' lang='lat' dir='ltr'>ab·</span> 
     </span>
     <span class='ocr_line' id='line_1_17' title="bbox 186 1663 885 1752; baseline 0.001 -15"><span class='ocrx_word' id='word_1_76' title='bbox 186 1667 373 1752; x_wconf 86' lang='lat' dir='ltr'>stinuerat,</span> <span class='ocrx_word' id='word_1_77' title='bbox 404 1663 467 1733; x_wconf 90' lang='lat' dir='ltr'>hac</span> <span class='ocrx_word' id='word_1_78' title='bbox 491 1687 527 1733; x_wconf 87' lang='lat' dir='ltr'>re</span> <span class='ocrx_word' id='word_1_79' title='bbox 544 1666 655 1736; x_wconf 87' lang='lat' dir='ltr'>audita</span> <span class='ocrx_word' id='word_1_80' title='bbox 672 1665 789 1738; x_wconf 73' lang='lat' dir='ltr'>leeiica</span> <span class='ocrx_word' id='word_1_81' title='bbox 803 1663 836 1738; x_wconf 87' lang='lat' dir='ltr'>se</span> <span class='ocrx_word' id='word_1_82' title='bbox 849 1667 885 1738; x_wconf 85' lang='lat' dir='ltr'>in</span> 
     </span>
     <span class='ocr_line' id='line_1_18' title="bbox 185 1757 887 1860; baseline 0.001 -26"><span class='ocrx_word' id='word_1_83' title='bbox 185 1761 344 1834; x_wconf 84' lang='lat' dir='ltr'><strong>Senatum</strong></span> <span class='ocrx_word' id='word_1_84' title='bbox 365 1758 534 1853; x_wconf 84' lang='lat' dir='ltr'>deportari</span> <span class='ocrx_word' id='word_1_85' title='bbox 549 1757 711 1855; x_wconf 64' lang='lat' dir='ltr'>juffiffet3</span> <span class='ocrx_word' id='word_1_86' title='bbox 738 1761 774 1834; x_wconf 92' lang='lat'>&amp;</span> <span class='ocrx_word' id='word_1_87' title='bbox 792 1763 887 1860; x_wconf 86' lang='lat' dir='ltr'>gravi</span> 
     </span>
     <span class='ocr_line' id='line_1_19' title="bbox 185 1853 887 1951; baseline 0.006 -24"><span class='ocrx_word' id='word_1_88' title='bbox 185 1859 338 1929; x_wconf 87' lang='lat' dir='ltr'>oratione</span> <span class='ocrx_word' id='word_1_89' title='bbox 363 1878 479 1951; x_wconf 84' lang='lat' dir='ltr'>pacem</span> <span class='ocrx_word' id='word_1_90' title='bbox 518 1853 702 1931; x_wconf 80' lang='lat' dir='ltr'>diffuasrffet</span> <span class='ocrx_word' id='word_1_91' title='bbox 733 1868 763 1932; x_wconf 55' lang='grc' dir='ltr'>ἢ.</span> <span class='ocrx_word' id='word_1_92' title='bbox 814 1862 887 1934; x_wconf 89' lang='lat' dir='ltr'>Re·</span> 
     </span>
     <span class='ocr_line' id='line_1_20' title="bbox 184 1951 887 2052; baseline 0 -25"><span class='ocrx_word' id='word_1_93' title='bbox 184 1951 206 2027; x_wconf 84' lang='lat' dir='ltr'>s</span> <span class='ocrx_word' id='word_1_94' title='bbox 244 1951 338 2027; x_wconf 79' lang='lat' dir='ltr'>nsum</span> <span class='ocrx_word' id='word_1_95' title='bbox 356 1953 468 2049; x_wconf 86' lang='lat' dir='ltr'>itaque</span> <span class='ocrx_word' id='word_1_96' title='bbox 488 1951 556 2038; x_wconf 88' lang='lat' dir='ltr'>est,</span> <span class='ocrx_word' id='word_1_97' title='bbox 574 1960 665 2052; x_wconf 81' lang='lat' dir='ltr'>prius</span> <span class='ocrx_word' id='word_1_98' title='bbox 682 1960 782 2026; x_wconf 79' lang='lat' dir='ltr'>Italia</span> <span class='ocrx_word' id='word_1_99' title='bbox 799 1981 887 2028; x_wconf 79' lang='lat' dir='ltr'>exce·</span> 
     </span>
     <span class='ocr_line' id='line_1_21' title="bbox 183 1977 888 2155; baseline 0.004 -31"><span class='ocrx_word' id='word_1_100' title='bbox 183 1977 265 2124; x_wconf 52' lang='lat' dir='ltr'>En</span> <span class='ocrx_word' id='word_1_101' title='bbox 280 2052 434 2152; x_wconf 82' lang='lat' dir='ltr'>Pyrrhum</span> <span class='ocrx_word' id='word_1_102' title='bbox 448 2048 573 2144; x_wconf 73' lang='lat' dir='ltr'>debere,</span> <span class='ocrx_word' id='word_1_103' title='bbox 599 2078 763 2150; x_wconf 77' lang='lat' dir='ltr'>antequam</span> <span class='ocrx_word' id='word_1_104' title='bbox 778 2054 817 2123; x_wconf 77' lang='lat' dir='ltr'>de</span> <span class='ocrx_word' id='word_1_105' title='bbox 827 2077 888 2155; x_wconf 83' lang='lat' dir='ltr'>pa·</span> 
     </span>
     <span class='ocr_line' id='line_1_22' title="bbox 187 2150 886 2251; baseline 0 -30"><span class='ocrx_word' id='word_1_106' title='bbox 187 2177 244 2237; x_wconf 84' lang='lat' dir='ltr'>ce,</span> <span class='ocrx_word' id='word_1_107' title='bbox 278 2173 331 2222; x_wconf 80' lang='lat' dir='ltr'>aut</span> <span class='ocrx_word' id='word_1_108' title='bbox 350 2155 494 2244; x_wconf 79' lang='lat' dir='ltr'>fircietote</span> <span class='ocrx_word' id='word_1_109' title='bbox 520 2175 589 2220; x_wconf 85' lang='lat' dir='ltr'>cum</span> <span class='ocrx_word' id='word_1_110' title='bbox 614 2177 646 2219; x_wconf 87' lang='lat' dir='ltr'>eo</span> <span class='ocrx_word' id='word_1_111' title='bbox 672 2150 806 2221; x_wconf 78' lang='lat' dir='ltr'>ineunda</span> <span class='ocrx_word' id='word_1_112' title='bbox 831 2160 886 2251; x_wconf 80' lang='lat' dir='ltr'>agi</span> 
     </span>
     <span class='ocr_line' id='line_1_23' title="bbox 178 2246 888 2348; baseline 0.007 -30"><span class='ocrx_word' id='word_1_113' title='bbox 178 2251 278 2348; x_wconf 79' lang='lat' dir='ltr'>poffet.</span> <span class='ocrx_word' id='word_1_114' title='bbox 319 2249 366 2321; x_wconf 85' lang='lat' dir='ltr'>Et</span> <span class='ocrx_word' id='word_1_115' title='bbox 382 2269 472 2322; x_wconf 86' lang='lat' dir='ltr'>tanta</span> <span class='ocrx_word' id='word_1_116' title='bbox 494 2247 543 2318; x_wconf 87' lang='lat' dir='ltr'>his</span> <span class='ocrx_word' id='word_1_117' title='bbox 559 2246 767 2342; x_wconf 83' lang='lat' dir='ltr'>temporibus</span> <span class='ocrx_word' id='word_1_118' title='bbox 781 2248 888 2323; x_wconf 86' lang='lat' dir='ltr'>Sena·</span> 
     </span>
     <span class='ocr_line' id='line_1_24' title="bbox 185 2343 885 2427; baseline 0.003 -13"><span class='ocrx_word' id='word_1_119' title='bbox 185 2364 238 2415; x_wconf 80' lang='lat' dir='ltr'>ius</span> <span class='ocrx_word' id='word_1_120' title='bbox 253 2349 323 2417; x_wconf 81' lang='lat' dir='ltr'>erat</span> <span class='ocrx_word' id='word_1_121' title='bbox 333 2346 502 2415; x_wconf 86' lang='lat' dir='ltr'>veneratio</span> <span class='ocrx_word' id='word_1_122' title='bbox 517 2365 553 2415; x_wconf 88' lang='lat' dir='ltr'>ut</span> <span class='ocrx_word' id='word_1_123' title='bbox 563 2343 817 2416; x_wconf 86' lang='lat' dir='ltr'>Cineasdiceret</span> <span class='ocrx_word' id='word_1_124' title='bbox 836 2346 854 2405; x_wconf 88' lang='lat' dir='ltr'>b</span> <span class='ocrx_word' id='word_1_125' title='bbox 872 2369 885 2427; x_wconf 62' lang='lat'>3</span> 
     </span>
     <span class='ocr_line' id='line_1_25' title="bbox 183 2438 885 2535; baseline 0.007 -27"><span class='ocrx_word' id='word_1_126' title='bbox 183 2447 301 2532; x_wconf 83' lang='lat' dir='ltr'><em>Regum</em></span> <span class='ocrx_word' id='word_1_127' title='bbox 317 2438 376 2534; x_wconf 78' lang='lat' dir='ltr'>fibi</span> <span class='ocrx_word' id='word_1_128' title='bbox 404 2444 495 2509; x_wconf 81' lang='lat' dir='ltr'>illum</span> <span class='ocrx_word' id='word_1_129' title='bbox 511 2442 668 2533; x_wconf 73' lang='lat' dir='ltr'>conseffiem</span> <span class='ocrx_word' id='word_1_130' title='bbox 676 2442 885 2535; x_wconf 72' lang='lat' dir='ltr'>visaimfm&#39;ffe.</span> 
     </span>
     <span class='ocr_line' id='line_1_26' title="bbox 184 2533 886 2636; baseline 0.007 -31"><span class='ocrx_word' id='word_1_131' title='bbox 184 2533 302 2607; x_wconf 76' lang='lat' dir='ltr'>Miiius</span> <span class='ocrx_word' id='word_1_132' title='bbox 324 2536 372 2607; x_wconf 89' lang='lat' dir='ltr'>est</span> <span class='ocrx_word' id='word_1_133' title='bbox 388 2557 500 2609; x_wconf 87' lang='lat' dir='ltr'>tamen</span> <span class='ocrx_word' id='word_1_134' title='bbox 516 2561 594 2608; x_wconf 88' lang='lat' dir='ltr'>cum</span> <span class='ocrx_word' id='word_1_135' title='bbox 610 2538 681 2608; x_wconf 86' lang='lat' dir='ltr'>aliis</span> <span class='ocrx_word' id='word_1_136' title='bbox 698 2538 831 2636; x_wconf 87' lang='lat' dir='ltr'>legatus</span> <span class='ocrx_word' id='word_1_137' title='bbox 844 2538 886 2609; x_wconf 89' lang='lat' dir='ltr'>ad</span> 
     </span>
     <span class='ocr_line' id='line_1_27' title="bbox 179 2630 887 2730; baseline 0.008 -30"><span class='ocrx_word' id='word_1_138' title='bbox 179 2630 380 2728; x_wconf 84' lang='lat' dir='ltr'>Pyrrhum,</span> <span class='ocrx_word' id='word_1_139' title='bbox 412 2636 469 2728; x_wconf 91' lang='lat' dir='ltr'>qui</span> <span class='ocrx_word' id='word_1_140' title='bbox 491 2634 533 2705; x_wconf 89' lang='lat' dir='ltr'>de</span> <span class='ocrx_word' id='word_1_141' title='bbox 555 2633 756 2706; x_wconf 83' lang='lat' dir='ltr'>redimendis</span> <span class='ocrx_word' id='word_1_142' title='bbox 775 2638 887 2730; x_wconf 85' lang='lat' dir='ltr'>capti-</span> 
     </span>
     <span class='ocr_line' id='line_1_28' title="bbox 180 2730 883 2827; baseline 0.01 -31"><span class='ocrx_word' id='word_1_143' title='bbox 180 2731 231 2800; x_wconf 87' lang='lat' dir='ltr'>vis</span> <span class='ocrx_word' id='word_1_144' title='bbox 253 2751 394 2826; x_wconf 86' lang='lat' dir='ltr'>ageret,</span> <span class='ocrx_word' id='word_1_145' title='bbox 426 2738 465 2802; x_wconf 82' lang='lat' dir='ltr'>c.</span> <span class='ocrx_word' id='word_1_146' title='bbox 484 2731 661 2817; x_wconf 44' lang='lat' dir='ltr'>Fabricium</span> <span class='ocrx_word' id='word_1_147' title='bbox 693 2755 794 2827; x_wconf 89' lang='lat' dir='ltr'>quem</span> <span class='ocrx_word' id='word_1_148' title='bbox 813 2730 883 2803; x_wconf 85' lang='lat' dir='ltr'>fru-</span> 
     </span>
     <span class='ocr_line' id='line_1_29' title="bbox 180 2824 886 2902; baseline 0.008 -6"><span class='ocrx_word' id='word_1_149' title='bbox 180 2824 246 2899; x_wconf 83' lang='lat' dir='ltr'>stra</span> <span class='ocrx_word' id='word_1_150' title='bbox 269 2851 350 2900; x_wconf 86' lang='lat' dir='ltr'>auro</span> <span class='ocrx_word' id='word_1_151' title='bbox 371 2827 510 2899; x_wconf 88' lang='lat' dir='ltr'>delinire</span> <span class='ocrx_word' id='word_1_152' title='bbox 551 2828 634 2900; x_wconf 89' lang='lat' dir='ltr'>Rex</span> <span class='ocrx_word' id='word_1_153' title='bbox 661 2847 800 2900; x_wconf 84' lang='lat' dir='ltr'>conatus</span> <span class='ocrx_word' id='word_1_154' title='bbox 824 2825 886 2902; x_wconf 84' lang='lat' dir='ltr'>est.</span> 
     </span>
     <span class='ocr_line' id='line_1_30' title="bbox 179 2917 884 3094; baseline 0.004 -100"><span class='ocrx_word' id='word_1_155' title='bbox 179 2917 264 2996; x_wconf 87' lang='lat' dir='ltr'>Nec</span> <span class='ocrx_word' id='word_1_156' title='bbox 281 2925 386 3024; x_wconf 86' lang='lat' dir='ltr'>magis</span> <span class='ocrx_word' id='word_1_157' title='bbox 400 2945 527 2997; x_wconf 86' lang='lat' dir='ltr'>terrore</span> <span class='ocrx_word' id='word_1_158' title='bbox 540 2926 749 2998; x_wconf 85' lang='lat' dir='ltr'>commoveri</span> <span class='ocrx_word' id='word_1_159' title='bbox 758 2925 884 3094; x_wconf 51' lang='lat' dir='ltr'>peguit.</span> 
     </span>
     <span class='ocr_line' id='line_1_31' title="bbox 823 3045 882 3095; baseline 0.034 -2"><span class='ocrx_word' id='word_1_160' title='bbox 823 3045 882 3095; x_wconf 87' lang='lat' dir='ltr'>um</span> 
     </span>
    </p>

    <p class='ocr_par' dir='ltr' id='par_1_5' title="bbox 216 3127 886 3201">
     <span class='ocr_line' id='line_1_32' title="bbox 216 3127 886 3201; baseline -0.01 -8"><span class='ocrx_word' id='word_1_161' title='bbox 216 3141 235 3186; x_wconf 72' lang='lat' dir='ltr'>t</span> <span class='ocrx_word' id='word_1_162' title='bbox 252 3127 511 3201; x_wconf 59' lang='lat' dir='ltr'>meedesma.</span> <span class='ocrx_word' id='word_1_163' title='bbox 520 3131 576 3194; x_wconf 72' lang='lat'>016·</span> <span class='ocrx_word' id='word_1_164' title='bbox 617 3127 636 3190; x_wconf 87' lang='lat' dir='ltr'>b</span> <span class='ocrx_word' id='word_1_165' title='bbox 653 3132 827 3193; x_wconf 64' lang='lat' dir='ltr'>remmia</span> <span class='ocrx_word' id='word_1_166' title='bbox 841 3128 886 3193; x_wconf 76' lang='lat'>18.</span> 
     </span>
    </p>
   </div>
   <div class='ocr_carea' id='block_1_5' title="bbox 0 0 1006 3554">
    <p class='ocr_par' dir='ltr' id='par_1_6' title="bbox 0 0 1006 3554">
     <span class='ocr_line' id='line_1_33' title="bbox 0 0 1006 3554; baseline 0 0"><span class='ocrx_word' id='word_1_167' title='bbox 0 0 1006 3554; x_wconf 95' lang='lat' dir='ltr'> </span> 
     </span>
    </p>
   </div>
  </div>
 </body>
</html>
