2002 3554
174 144 243 254 ἔῃ
324 126 328 131 ’
374 148 675 226 Histania

15 315 238 408 Mus-Sed
261 311 298 384 &
320 331 402 386 tunc
418 333 487 389 tres
502 313 631 413 patricii
653 313 753 389 creati
774 301 873 405 sttrna

169 412 281 488 solerti
316 415 536 510 patriciorum
569 411 738 503 consilio,
777 416 870 512 quod

169 510 303 586 turbam
354 512 572 609 indignorum
617 509 871 590 candidatorum

60 625 64 634 '
169 611 280 708 dignis
292 609 506 683 intermisceri
522 608 702 695 curallent3
725 633 874 706 quorum

170 709 281 782 taedio
295 707 443 804 Populus
458 730 476 778 a
493 704 631 806 plebejis
651 707 759 780 fuerat
772 731 872 784 aver·-

169 806 219 879 sus
234 820 267 876 ².
317 805 408 878 Cum
425 822 536 877 autem
552 802 699 876 tumultu
721 808 870 907 majore,

168 926 268 1000 quarn
284 927 334 976 res
348 921 416 975 erat
426 900 570 990 ,bellum
587 904 798 975 nunciaretur
806 904 871 977 Se·
912 949 913 952 =

168 1021 331 1099 natusque
363 997 574 1072 Didiatorenr
609 998 675 1071 dici
703 995 868 1097 juffit'set‚

167 1097 296 1172 duobus
306 1096 467 1175 Tribunis
484 1096 627 1171 militum
644 1097 869 1194 nequicquam

168 1216 285 1269 contra
295 1194 522 1282 tendentibus,
538 1196 653 1268 tertius
668 1192 872 1266 Abanta«

169 1300 264 1366 vilius
290 1299 324 1364 P.
341 1295 519 1367 cornel-ium
545 1296 660 1383 Coffm
708 1287 869 1366 Didiam·

169 1417 240 1466 rem
259 1393 365 1478 dixit,
400 1389 467 1490 ipse
482 1390 523 1462 ab
537 1415 578 1463 eo
596 1388 758 1488 Magister
772 1391 868 1486 equi·
917 1385 920 1391 ’

168 1511 242 1564 turn
275 1509 414 1563 creatus.
480 1486 604 1564 Hostes
626 1487 717 1558 facili
739 1487 868 1583 praelio

167 1587 240 1658 sunt
254 1585 346 1658 viui.
372 1587 403 1657 ls
420 1609 525 1660 annus
546 1587 675 1686 infigne
695 1581 866 1680 specimen

66 1735 67 1738 ,
110 1690 113 1695 ’
170 1682 405 1756 moderationis
437 1684 612 1757 Romanae
646 1679 798 1778 praebuit
819 1683 864 1756 b.

169 1775 261 1851 Cum
288 1781 376 1851 enim
400 1778 562 1871 Veientes
581 1780 750 1880 legatione
773 1779 866 1852 milla

169 1877 325 1948 asenam
336 1875 571 1972 postulassent,
594 1902 637 1950 ne
649 1900 698 1947 res
705 1875 747 1948 ab
765 1877 867 1949 iisre·

168 1993 392 2069 peterentur,
426 1977 503 2069 quia
529 1974 689 2050 discordia
713 1973 867 2049 intestina

165 2069 373 2156 laborarent,
396 2074 585 2146 concessum
606 2073 674 2145 hoc
696 2069 772 2170 ipsas
790 2070 867 2146 fuit.

167 2171 217 2240 At
240 2170 275 2240 in
293 2167 423 2263 Volscis
442 2218 452 2248 ‚
485 2170 574 2266 quod
592 2169 713 2242 tardius
725 2169 868 2243 ‚Senatus

166 2266 327 2360 praesidio
349 2270 520 2364 Verrugine
542 2266 665 2339 obscffo
688 2266 866 2339 succurris·

11 2361 234 2450 A·U·347·set,
259 2383 396 2454 accepta
410 2363 519 2436 clades
532 2363 607 2435 fuit.
653 2362 697 2434 A.
714 2360 763 2455 U.
787 2384 863 2463 347,
899 2402 903 2425 ι

165 2463 288 2526 Anxur
310 2457 512 2533 Volscorum
543 2458 706 2571 oppidum
731 2485 866 2561 expug·

167 2573 302 2643 natum,
326 2555 361 2626 ὃ(
376 2556 535 2628 militibus
553 2555 778 2654 diripiendum
805 2560 866 2632 da·

166 2667 240 2720 tum
264 2652 341 2740 estu
371 2676 454 2750 quae
478 2675 530 2726 res
554 2654 702 2751 primum
727 2655 864 2754 plebem

163 2746 309 2838 patribus
333 2749 536 2822 conciliavit.
585 2752 628 2825 Ei
654 2777 734 2824 mox
752 2755 864 2826 acces·

163 2840 204 2915 sit
226 2844 429 2932 beneficium
450 2871 470 2920 a
496 2847 622 2928 Senatu
642 2865 659 2907 Ε
681 2849 863 2923 decernen-

795 2966 857 3039 te,

200 3089 217 3135 a
235 3077 305 3139 ibid.
317 3105 340 3146 ι.
351 3088 395 3163 ςρ.
432 3091 509 3159 hlb.
525 3114 548 3159 c.
560 3091 606 3175 58.
624 3093 733 3164 mrito.
770 3095 867 3163 cllid.

2 3141 161 3417 X·
