2002 3554
173 117 338 199 Remum
359 116 688 230 naara-tran.
750 124 835 229 ιη’

115 308 188 359 tum
209 292 412 382 contemptu
436 284 550 378 omnia
573 283 646 360 suot
671 285 765 386 gesta
790 293 835 363 ιζ
958 380 964 385 ..

114 383 310 482 Pugnatum
334 380 383 454 est
402 403 460 454 κν.
479 380 557 454 Kal.
585 384 819 480 Septembres:

73 478 79 500 ⁴
114 479 255 578 diesque
278 479 334 552 ille
357 503 375 550 a
396 477 475 552 loco
496 502 553 650 1{au
581 501 641 551 nae
672 485 825 581 Allienfit

115 578 166 650 est
191 576 321 662 diebus3
349 575 386 650 &
403 573 494 649 infau
524 579 535 648 i
562 599 648 651 rmut
664 576 842 678 deinceps¹

116 675 167 746 est
194 674 351 761 habitus3
386 675 534 750 maxime
547 699 626 749 cum
648 677 730 748 olim
752 698 822 752 tre·

119 775 212 846 centi
234 772 328 846 Fabii
357 773 398 846 ad
418 773 614 848 Cremeram
631 773 752 848 eodem
767 772 824 850 die

71 896 73 905 ⁸
117 869 202 944 caefi
231 867 391 944 fuissene·
427 870 591 946 Maxima.
611 890 726 944 tamen
749 896 825 969 pars
935 943 936 947 ,

117 968 354 1043 Romanorum
379 969 556 1045 incolumis
581 968 692 1065 Vejos
707 969 826 1065 perfu-

119 1067 172 1165 git
180 1097 193 1156 ς
203 1066 320 1163 reliqui
344 1068 496 1140 Romam
511 1067 636 1165 petiere
652 1087 748 1139 tanto
764 1091 824 1163 pa·
876 1097 880 1105 ·

118 1188 219 1253 vore,
247 1185 285 1238 ut
302 1187 346 1235 ne
361 1163 478 1235 claufis
492 1163 628 1261 quidem
641 1166 745 1261 portis
754 1166 826 1239 Ur·

118 1259 169 1334 bis
190 1263 225 1334 in
245 1285 356 1333 arcem
374 1260 611 1358 confugerent.
885 1303 891 1310 -

171 1377 199 1444 s.
209 1359 255 1432 11.
281 1356 374 1434 Galli
389 1357 552 1440 miraculo
575 1354 734 1435 vietoriae
751 1359 890 1435 funeta·
902 1358 967 1450 1¹5⁵*

120 1455 367 1555 obstupefaffl,
398 1455 490 1532 velut
512 1458 618 1556 ignari
638 1457 717 1554 quid
734 1437 950 1532 acci-⁴⁶⁸⁸*

123 1551 245 1641 diffet,
269 1550 464 1648 infidiasque
483 1575 671 1636 metuentes
686 1555 744 1629 sub
759 1530 983 1670 “samma

121 1648 234 1725 casum
250 1649 387 1725 demum
403 1650 479 1730 solis
494 1651 534 1724 ad
552 1652 682 1726 Urbem
703 1679 823 1748 perve-

122 1753 250 1822 niunt:
286 1747 461 1833 sedetiam
484 1750 552 1836 ibi,
583 1775 662 1824 cum
683 1742 846 1850 Equitet'

120 1844 297 1949 praegreffi
318 1848 523 1924 nunciassent
544 1903 556 1938 ,
589 1851 691 1922 nullas
713 1873 833 1948 portae
934 1939 937 1943 ,

121 1943 188 2019 effe
220 1944 364 2032 clausas,
398 1947 522 2019 nullam
556 1945 730 2021 stationem
763 1974 828 2046 pro

122 2041 484 2140 pottisexcubate,non
492 2045 706 2142 armatoseffe
714 2047 748 2114 in
757 2069 832 2117 mu·

124 2141 169 2219 tis
192 2138 331 2213 nobiem
355 2141 473 2225 veriti,
497 2158 580 2216 ante
595 2140 727 2212 Urbem
743 2163 830 2210 con·

123 2236 289 2312 sederunt.
329 2234 493 2328 Sequenti
517 2235 591 2307 luce
617 2232 710 2333 figna
724 2235 836 2332 portio

125 2335 216 2414 iliata
231 2334 316 2409 sunt.
342 2331 408 2407 Sed
425 2332 559 2407 interim
574 2330 741 2430 placuerat
749 2333 829 2406 Ro-

127 2434 252 2522 mauis,
269 2452 316 2512 ¹ut
331 2431 832 2527 juventusmilitatiscu'mcon«

122 2530 265 2629 jugibus
286 2554 324 2602 ac
342 2527 475 2616 liberis,
501 2529 691 2627 senatusque
707 2529 827 2606 robore

129 2631 168 2703 in
196 2650 304 2701 arcem
331 2624 608 2728 Capitoliumque
631 2627 831 2703 conscende·

129 2744 235 2818 rent,
266 2727 363 2799 armis
380 2725 426 2798 ,δι
449 2729 620 2800 frumento
633 2750 675 2799 eo
691 2727 831 2800 collatis.

76 2842 80 2846 ’
130 2825 234 2900 Sacra
268 2847 347 2896 cum
380 2819 529 2913 flamine,-
545 2820 833 2914 sacerdotibusque

132 2919 325 3001 Vestalrbus
352 2913 459 2994 Caere
484 2921 519 2989 in
558 2914 837 2995 Etruriamtunt

448 3015 487 3095 K
510 3035 535 3117 5
732 3012 854 3109 miffar*

170 3137 271 3221 tw
287 3135 365 3224 toi·
472 3149 498 3202 ῑ·
792 3175 803 3192 ν
