2002 3554
147 152 221 247 raa
357 149 667 223 Hier-ortu
768 142 775 205 T

151 336 194 384 ne
216 309 422 384 Samnitibus
449 307 625 387 foederatis
648 305 774 380 bellum
797 304 851 379 in·

150 409 301 493 ferrent,
334 412 461 478 Annius
493 406 694 478 Latinorum
712 405 852 496 Praetor

152 504 269 577 audaci
283 507 436 577 oratione
452 503 650 600 postulavit,
673 502 852 601 urinpofle⁴

153 628 223 673 rum
244 604 354 695 Consul
377 605 454 676 alter
473 609 596 684 Roma,
630 602 735 668 altem
762 606 854 668 Latio

154 720 340 769 crearetur:
375 703 501 770 Senarus
520 718 593 797 pars
611 722 704 792 aequa
721 722 760 781 ear
773 716 856 766 mter

103 867 106 876 ,
156 822 213 890 que
230 817 321 892 gente
343 797 435 885 effer:
460 819 550 890 utque
562 800 608 863 ita
624 809 701 862 unus'
714 797 857 894 pupulus,

157 918 219 962 una
230 890 406 990 Respublica
415 895 525 988 fieret:
552 917 661 961 nomen
687 898 859 968 Romanum

58 1040 62 1051 κ
158 994 295 1084 utrisque
322 1015 476 1060 commune
497 993 577 1080 effer.
610 989 747 1060 Summa
761 987 860 1061 Con·-

6 3244 125 3319 *N

161 1085 266 1159 sulum
291 1085 492 1182 Senatusque
516 1083 703 1184 indignatio
727 1086 862 1180 haspe-

124 1200 128 1209 “
161 1185 298 1258 titiones
323 1188 474 1283 excepit3
508 1183 723 1277 additurque,
742 1205 865 1253 vocem

165 1283 271 1355 Annii
279 1287 475 1382 spernentem
489 1292 615 1353 numina
636 1284 735 1373 Jovis
750 1285 865 1348 Rama*

166 1385 200 1447 m'
224 1381 396 1452 auditam:
429 1404 528 1476 quarn
565 1402 686 1451 noxam
719 1373 867 1472 praesens

168 1499 276 1572 poena
297 1477 449 1572 excepit,
475 1479 519 1548 ita
537 1498 574 1550 ut
590 1499 692 1573 quum
710 1496 867 1545 commo·

168 1591 223 1644 tus
254 1575 299 1642 ira
324 1573 355 1643 se
381 1575 422 1644 ab
450 1573 613 1646 vestibulo
630 1571 745 1666 templi
763 1572 869 1642 citato

169 1666 274 1762 gradu
300 1670 487 1762 proriperet
505 1722 513 1741 ,
539 1667 642 1763 lapsus
657 1693 715 1762 per
729 1665 871 1764 gradus,

173 1763 284 1853 capite
309 1766 454 1859 graviter
471 1763 624 1853 offenso,
650 1768 719 1836 imo
736 1765 813 1836 saxo
826 1766 873 1835 ita

173 1857 335 1951 impudius
353 1860 414 1948 sit,
440 1880 477 1931 ut
506 1859 677 1960 sopiretur.
704 1857 883 1933 consensu-

174 1955 278 2050 igitur
305 1956 434 2029 Latinis
465 1957 591 2031 bellurn
611 1958 660 2030 'est
691 1957 874 2041 inditiumt

174 2049 341 2149 castraque
358 2055 397 2145 ad
416 2054 567 2153 Capuam
578 2057 705 2140 locata,
731 2057 876 2151 quojarn

177 2149 289 2223 Latini
300 2152 443 2248 sociique
453 2173 695 2238 convenerant3
719 2153 880 2224 Samniti·

178 2246 239 2317 bus
250 2252 321 2342 jam
336 2254 435 2322 etiam
458 2276 519 2345 pro
536 2250 881 2322 Romanismiiitanti·

177 2340 882 2441 bus.Curnauternlinguapnoribunarmo·

136 2519 139 2525 μ
172 2460 254 2507 rum
270 2463 417 2534 genere,
443 2442 597 2513 institutis
615 2443 812 2516 militaribus
820 2443 884 2513 ho·

181 2528 280 2603 stium
307 2538 499 2631 civiumque
521 2542 686 2613 exercitus
702 2540 820 2614 ssmiles
836 2536 885 2610 es·

181 2626 885 2734 sent,nequoerroremilitescaperenture·

182 2725 299 2801 dicunt
309 2728 488 2817 Consules,
501 2740 622 2830 nequis
632 2753 725 2806 extra
733 2734 886 2805 ordinem

184 2848 262 2896 curn
284 2826 378 2899 hoste
395 2852 569 2926 pugnaret.
597 2832 677 2903 Erat
692 2831 780 2902 forte
798 2824 888 2923 apud

185 2922 324 2998 Latinos
343 2943 359 2985 a
372 2933 529 3000 Geminius
547 2934 667 3008 Metius
681 2929 732 3004 vir
745 2944 818 3000 turn
828 2946 890 3021 ge·

657 3022 665 3028 ’
791 3045 891 3117 nere,

218 3157 234 3199 a
253 3143 312 3207 ἂν.
323 3154 395 3205 11111.
413 3166 435 3207 c.
447 3164 474 3221 7.
