2002 3554
252 155 368 243 lbe-
450 142 763 229 Htsnontu

253 312 487 391 restitueretur.
546 313 640 386 Hinc
671 315 824 412 ingente}
856 304 958 389 rilind-

254 411 329 487 sunt
351 418 470 498 οπεος
509 432 589 483 curn
616 413 774 486 tenuioris
797 413 954 486 fortunae

255 508 410 586 homines
433 503 534 581 caffii
564 508 648 582 latus
672 506 823 604 quotidie
851 506 954 606 stipa·

255 625 353 692 tent,
385 602 538 682 meliores
555 607 631 715 ‘ejus
648 606 797 704 collegae
812 607 955 704 Verginio

258 706 526 782 adhaereoereut:
553 724 625 774 uno
641 700 704 797 ipsi
728 701 875 795 tribuni,
898 704 954 777 vel

134 879 138 886 ,
259 799 350 901 quud
368 793 499 894 plebem
515 797 746 895 largitionibus
759 821 955 900 corruptam

258 899 405 978 lascivire
435 917 512 994 prae
534 897 608 967 otio
627 919 646 970 e
667 896 859 996 Republica
881 921 954 972 nou

256 1010 412 1100 putarent
430 1021 442 1078 ς
483 993 538 1067 vel
558 994 648 1090 quod
671 1013 801 1069 tantum
822 993 955 1069 benefi-

256 1099 348 1170 cium
363 1090 405 1167 ab
420 1089 505 1182 alio,
528 1108 629 1188 quarn
644 1116 661 1165 a
676 1093 812 1167 tribuno
826 1091 953 1190 plebie,·

256 1191 352 1290 plebi
369 1189 471 1266 tribui
497 1189 651 1276 nollent‚'
680 1188 712 1263 se
729 1189 956 1290 adjunxerunt

258 1291 407 1371 Senatui.
458 1285 584 1361 Cellius
598 1305 696 1375 vero,
721 1303 798 1361 cum
816 1286 848 1360 se
868 1285 957 1359 iu'fe·

258 1393 382 1466 riorem
397 1385 541 1468 videret,
558 1383 787 1467 infirmitatem
804 1383 957 1457 fimulans

257 1488 363 1563 so'cios
377 1486 502 1557 interea
515 1503 614 1576 quarn
631 1482 735 1578 pollet
743 1482 905 1579 plurimos
911 1481 954 1554 ud

168 1588 170 1594 '
258 1581 408 1678 suffragia
423 1578 554 1652 ferenda
568 1578 753 1652 arcessebat.
778 1579 875 1653 Nam
890 1583 957 1673 jam

260 1676 447 1754 insecundo
457 1672 693 1771 suoconsulatu
706 1675 847 1752 Latinos
863 1672 958 1754 Het-

261 1764 419 1873 nicosque
433 1771 577 1847 civitatis
594 1773 664 1865 jure
680 1772 796 1847 donari
812 1770 935 1850 fecerat
945 1803 958 1849 :·

258 1872 315 1949 sed
329 1872 405 1961 ita,··
420 1889 459 1945 ut
474 1866 620 1966 suffragii
636 1869 799 1968 lurionenr'
812 1888 885 1946 non'
895 1873 958 1948 nifl

259 1971 301 2046 ad
316 1967 494 2043 arbitriunt‘
510 1964 760 2065 magistratuum
781 1972 960 2046 Romano·

260 2093 337 2148 rum
354 2064 546 2140 habet-enta.
577 2066 704 2139 interea
722 2063 889 2144 in'S'euatu
906 2069 960 2143 di·

261 2167 370 2244 versae
394 2163 521 2240 dehac
545 2187 581 2236 re
602 2162 736 2238 fuerunt
754 2164 960 2254 sententian

261 2268 378 2365 Appio
401 2262 534 2360 quidem
555 2260 708 2335 censente
721 2279 741 2351 ,’
761 2282 798 2336 ut
811 2288 826 2349 ,⁴
847 2265 871 2336 li
894 2289 961 2361 qua

220 2405 222 2410 ·
264 2386 338 2460 puts
359 2362 430 2456 agri
454 2359 579 2456 publici
602 2383 620 2430 a
641 2361 776 2456 privatis
799 2360 961 2456 poffidere

262 2454 585 2555 deprehenderetur,
609 2478 647 2528 ea
671 2456 776 2530 rursus
798 2462 832 2531 in
849 2458 962 2559 publi-

264 2568 345 2627 cunt
362 2549 500 2647 ‚redud'ta
524 2549 564 2624 ad
584 2549 678 2627 usum
707 2555 882 2652 publicum
908 2556 962 2629 lo·'

265 2667 414 2739 caretur,
431 2652 481 2720 A.
489 2666 569 2722 ver'o
581 2654 760 2752 *Sempronio
771 2661 924 2729 Atratino
932 2651 964 2741 b,

264 2769 305 2821 ut
328 2745 535 2843 magistratus
557 2747 600 2819 ud
625 2771 703 2820 eum
734 2747 837 2824 finem
858 2759 962 2830 creati

264 2844 484 2920 discernerent
501 2866 516 2936 ,²
544 2846 601 2945 qui
626 2847 697 2945 agri
712 2842 961 2947 Reipublicae,

902 2954 963 3045 qui

305 3085 484 3232 irrepunt.
501 3091 565 3175 ute.
581 3110 603 3174 t·
616 3091 753 3170 tofto
766 3091 806 3172 sq.
861 3087 886 3151 u
901 3088 964 3151 ure

340 3179 364 3237 ἡ
399 3179 428 3236 4·
535 3232 539 3241 ,
