2002 3554
183 155 337 235 Remus.
363 158 522 232 Roman.
546 156 631 232 Lm.
644 156 691 233 11.
746 170 819 255 359
922 234 925 241 ,

112 330 190 397 r'um
207 319 316 419 specie
331 318 598 418 adequitaverant
608 353 621 406 3
646 316 704 420 qui
716 321 818 394 armis

116 421 242 493 traditis
263 446 282 490 a
305 440 402 514 tergo
419 419 817 505 Romanorumconsrde·

117 542 154 589 re
170 517 348 612 jubentur:
375 539 490 588 verum
514 517 570 605 hi,
601 514 681 587 dum
699 540 816 588 omnes

117 617 292 686 certamini
317 617 437 687 intenti
455 612 549 703 sunt,
575 612 717 686 aversam
732 610 815 684 ado·

118 714 250 784 riuntur
276 714 510 785 Romanorum
534 712 652 782 aciem.
703 711 817 806 Atque

123 812 169 882 ita
194 810 339 904 undique
363 808 479 909 fugam
515 808 624 880 fecere
645 809 816 893 Romani3
881 890 884 895 Α

120 906 183 978 nisr
212 908 304 1002 quod
330 927 421 1003 parte
445 907 505 978 alia
528 930 661 1003 pugnae
690 902 818 976 Paullus

124 1003 253 1076 Consul
268 1022 284 1062 a
301 1054 313 1093 ‚
339 1003 417 1075 licet
443 1006 589 1101 graviter
603 1005 820 1090 vulneratus,

124 1101 182 1173 diu
206 1126 275 1173 rem
291 1099 457 1185 sustinuit,
494 1103 606 1173 multis
630 1103 730 1173 etiam
751 1100 818 1170 ho-

126 1197 225 1270 stiurn
252 1223 352 1270 manu
368 1196 421 1269 sua
436 1200 535 1269 caesis
559 1199 586 1269 b.
637 1197 817 1294 Postquam

122 1321 205 1369 vero
227 1296 376 1369 Romani
399 1294 478 1393 fuga
492 1296 607 1393 dilapsi
626 1296 751 1382 edent,
775 1292 818 1365 ab

121 1393 270 1466 hostibus
291 1396 363 1490 quis
394 1392 481 1466 foret
496 1393 725 1491 ignorantibus
742 1414 818 1462 cae·

122 1489 172 1562 sus
200 1491 258 1562 est.
307 1492 405 1564 Alter
426 1493 563 1569 Consul¹
582 1516 662 1562 cum
690 1489 819 1584 septua-

111 1632 114 1639 ·
123 1589 218 1685 ginta
247 1587 317 1660 fere
330 1587 497 1687 equitibus
511 1592 670 1680 Venufiam
685 1586 733 1659 est
752 1584 821 1658 ela·

122 1686 204 1782 psus.
232 1686 631 1785 Adleptuagintamillia,
655 1685 819 1758 veletiam

123 1783 210 1855 ultra
238 1785 476 1857 Romanorum
501 1785 735 1882 sociorumque
749 1782 819 1854 for-

114 1884 204 1953 titer
228 1886 449 1980 pugnantium
479 1884 547 1956 hoc
582 1883 707 1980 praelio
730 1878 821 1952 caesa

114 1980 294 2050 dicuntur.
317 1978 391 2066 Qui
405 2002 486 2050 vero
500 1983 535 2050 in
550 1978 822 2050 binisRomano·

125 2098 200 2147 rum
223 2073 332 2144 castris
358 2096 451 2145 erant
486 2075 614 2146 strenue
640 2071 725 2143 faeta
746 2094 821 2141 eru·

126 2173 244 2269 prione
268 2171 429 2263 Caraſsura
451 2170 636 2242 incolumes
662 2180 824 2265 pervene·

99 2321 103 2325 -
127 2290 224 2341 runt:
251 2291 332 2362 quos
360 2267 519 2363 postridie
533 2270 633 2339 etiam
648 2290 691 2336 ex
711 2263 824 2335 iisdem

128 2365 237 2438 castris
250 2386 391 2458 quatuor
401 2364 661 2462 milliapeditum
677 2419 688 2451 ,
715 2362 824 2433 &du-

94 2486 98 2493 ·
128 2464 218 2536 centi
240 2463 371 2558 equites
393 2460 496 2534 secuti
511 2462 595 2537 sunt.
644 2467 826 2531 Pervenere

128 2584 258 2644 tamen,
284 2562 341 2656 qui
367 2560 401 2629 in
422 2562 547 2654 praelio
568 2582 625 2635 aut
646 2559 755 2631 castris
770 2572 826 2629 ea·

129 2659 181 2754 pti
208 2657 306 2738 sunt,
339 2657 375 2727 in
406 2657 597 2730 Hannibalis
624 2651 827 2754 potestatem

130 2754 294 2826 tredecim
312 2752 381 2824 fere
399 2756 510 2827 millia.
536 2758 675 2826 Ducum
692 2752 728 2822 &
746 2776 828 2846 pro·

130 2877 246 2924 cerum
262 2849 344 2922 caefi
362 2850 518 2924 dicuntur
537 2852 637 2922 ambo
663 2847 832 2937 Qraesto·

132 2975 203 3040 res,
227 2973 310 3022 unus
325 2946 362 3018 &
377 2950 498 3047 viginti
515 2949 660 3020 Tribuni
670 2945 832 3031 militum,

459 3046 541 3147 Zsa
738 3040 833 3116 οᾶυ·

176 3165 273 3229 aLiv.
292 3166 354 3230 alid.
372 3179 446 3246 ⁶⁹49·
483 3165 502 3227 b
522 3162 611 3245 ritib.
630 3167 664 3224 L.
672 3166 725 3223 111.
735 3156 818 3220 nub·
